<record><header><identifier>oai:alma.41SLSP_UGE:991000815939705502</identifier><datestamp>2023-03-01T01:10:25Z</datestamp><setSpec>UNIGE_ALL</setSpec></header><metadata>
<record xmlns="http://www.loc.gov/MARC21/slim" xmlns:xsi="http://www.w3.org/2001/XMLSchema-instance" xsi:schemaLocation="http://www.loc.gov/MARC21/slim http://www.loc.gov/standards/marcxml/schema/MARC21slim.xsd"><leader>01062njm a22003017c 4500</leader><controlfield tag="001">991000815939705502</controlfield><controlfield tag="005">20211109192111.0</controlfield><controlfield tag="007">sd b||||||||||</controlfield><controlfield tag="008">110122s1982    xx ||n |            eng d</controlfield><datafield ind1="0" ind2="2" tag="028"><subfield code="a">EMI Electrola 1C 067-43 079</subfield></datafield><datafield ind1=" " ind2=" " tag="035"><subfield code="a">(swissbib)113581823-41slsp_network</subfield></datafield><datafield ind1=" " ind2=" " tag="035"><subfield code="a">113581823</subfield><subfield code="9">ExL</subfield></datafield><datafield ind1=" " ind2=" " tag="035"><subfield code="a">(RERO)R006023736-41slsp</subfield></datafield><datafield ind1=" " ind2=" " tag="035"><subfield code="a">(EXLNZ-41SLSP_NETWORK)991029766129705501</subfield></datafield><datafield ind1=" " ind2=" " tag="040"><subfield code="a">RERO geulmu</subfield><subfield code="d">CH-ZuSLS</subfield></datafield><datafield ind1="0" ind2=" " tag="041"><subfield code="a">ger</subfield><subfield code="a">eng</subfield><subfield code="a">fre</subfield></datafield><datafield ind1=" " ind2="7" tag="072"><subfield code="a">mu</subfield><subfield code="2">rero</subfield></datafield><datafield ind1="1" ind2=" " tag="100"><subfield code="a">Prokofʹev, Sergej Sergeevič</subfield><subfield code="d">1891-1953</subfield><subfield code="0">(IDREF)030891272</subfield><subfield code="4">cre</subfield></datafield><datafield ind1="1" ind2="0" tag="245"><subfield code="a">Romeo und Julia</subfield><subfield code="b">= Romeo and Juliet = Romeo et Juliette : Op. 64</subfield><subfield code="c">Serge Prokofieff</subfield></datafield><datafield ind1=" " ind2="1" tag="264"><subfield code="a">[Lieu de publication non identifié]</subfield><subfield code="b">[éditeur non identifié]</subfield><subfield code="c">1982</subfield></datafield><datafield ind1=" " ind2=" " tag="300"><subfield code="a">1 disque sonore</subfield><subfield code="b">33 t.</subfield></datafield><datafield ind1=" " ind2=" " tag="336"><subfield code="b">prm</subfield><subfield code="2">rdacontent</subfield></datafield><datafield ind1=" " ind2=" " tag="337"><subfield code="b">s</subfield><subfield code="2">rdamedia</subfield></datafield><datafield ind1=" " ind2=" " tag="338"><subfield code="b">sd</subfield><subfield code="2">rdacarrier</subfield></datafield><datafield ind1=" " ind2=" " tag="500"><subfield code="a">Formation: orchestre symphonique</subfield></datafield><datafield ind1="0" ind2=" " tag="505"><subfield code="a">[Ballets. Roméo et Juliette. Op. 64]</subfield></datafield><datafield ind1="1" ind2=" " tag="700"><subfield code="a">Muti, Riccardo</subfield><subfield code="d">1941-....</subfield><subfield code="0">(IDREF)066989906</subfield></datafield><datafield ind1="2" ind2=" " tag="710"><subfield code="a">Philadelphia Orchestra</subfield><subfield code="0">(IDREF)079000525</subfield></datafield><datafield ind1=" " ind2=" " tag="900"><subfield code="a">REROnoselfmerge</subfield></datafield><datafield ind1=" " ind2=" " tag="960"><subfield code="2">matmu</subfield><subfield code="a">Russie ; XIXe-XXe ; Ballets</subfield><subfield code="9">LOCAL</subfield></datafield></record>
</metadata></record>