<record><header><identifier>oai:alma.41SLSP_UGE:991000816149705502</identifier><datestamp>2023-03-01T01:10:25Z</datestamp><setSpec>uge_bcen_RapidILL_BOOK</setSpec><setSpec>uge_aaca_RapidILL_BOOK</setSpec><setSpec>uge_abels_RapidILL_BOOK</setSpec><setSpec>uge_dbu_RapidILL_BOOK</setSpec><setSpec>uge_cmu_RapidILL_BOOK</setSpec><setSpec>uge_mail_RapidILL_BOOK</setSpec><setSpec>UNIGE_ALL</setSpec><setSpec>uge_abbat_RapidILL_BOOK</setSpec><setSpec>uge_acar_RapidILL_BOOK</setSpec><setSpec>uge_aobs_RapidILL_BOOK</setSpec></header><metadata>
<record xmlns="http://www.loc.gov/MARC21/slim" xmlns:xsi="http://www.w3.org/2001/XMLSchema-instance" xsi:schemaLocation="http://www.loc.gov/MARC21/slim http://www.loc.gov/standards/marcxml/schema/MARC21slim.xsd"><leader>03002nam a2200685 c 4500</leader><controlfield tag="001">991000816149705502</controlfield><controlfield tag="005">20230203201144.0</controlfield><controlfield tag="008">201011s2002    xxk||||| |||| 00| ||eng d</controlfield><datafield ind1=" " ind2=" " tag="010"><subfield code="a">2002033695</subfield></datafield><datafield ind1=" " ind2=" " tag="020"><subfield code="a">0199245924</subfield><subfield code="q">acid-free paper</subfield></datafield><datafield ind1="7" ind2=" " tag="024"><subfield code="a">http://catalogue.bnf.fr/ark:/12148/cb38934984z</subfield><subfield code="2">uri</subfield></datafield><datafield ind1=" " ind2=" " tag="035"><subfield code="a">(swissbib)230554172-41slsp_network</subfield></datafield><datafield ind1=" " ind2=" " tag="035"><subfield code="a">230554172</subfield><subfield code="9">ExL</subfield></datafield><datafield ind1=" " ind2=" " tag="035"><subfield code="a">(RERO)R003524676-41slsp</subfield></datafield><datafield ind1=" " ind2=" " tag="035"><subfield code="a">(NEBIS)004377592EBI01</subfield></datafield><datafield ind1=" " ind2=" " tag="035"><subfield code="a">(IDSBB)002697083DSV01</subfield></datafield><datafield ind1=" " ind2=" " tag="035"><subfield code="a">(EXLNZ-41SLSP_NETWORK)991092690319705501</subfield></datafield><datafield ind1=" " ind2=" " tag="040"><subfield code="a">RERO geulan</subfield><subfield code="d">CH-ZuSLS</subfield></datafield><datafield ind1=" " ind2=" " tag="050"><subfield code="a">PR3714.T73</subfield><subfield code="b">K49 2002</subfield></datafield><datafield ind1=" " ind2="7" tag="072"><subfield code="a">an</subfield><subfield code="2">rero</subfield></datafield><datafield ind1=" " ind2="7" tag="072"><subfield code="a">le</subfield><subfield code="2">SzZuIDS BS/BE</subfield></datafield><datafield ind1="1" ind2=" " tag="080"><subfield code="a">820&quot;16/17&quot;STE8</subfield></datafield><datafield ind1="0" ind2="0" tag="082"><subfield code="a">823/.6</subfield><subfield code="2">21</subfield></datafield><datafield ind1=" " ind2=" " tag="084"><subfield code="a">HK 3095</subfield><subfield code="2">rvk</subfield></datafield><datafield ind1="1" ind2=" " tag="100"><subfield code="a">Keymer, Thomas</subfield><subfield code="d">1962-....</subfield><subfield code="0">(IDREF)034615474</subfield><subfield code="4">cre</subfield></datafield><datafield ind1="1" ind2="0" tag="245"><subfield code="a">Sterne, the moderns and the novel</subfield><subfield code="c">Thomas Keymer</subfield></datafield><datafield ind1=" " ind2="1" tag="264"><subfield code="a">Oxford</subfield><subfield code="b">Oxford University Press</subfield><subfield code="c">2002</subfield></datafield><datafield ind1=" " ind2=" " tag="300"><subfield code="a">XIII, 222 p.</subfield><subfield code="b">ill.</subfield><subfield code="c">23 cm</subfield></datafield><datafield ind1=" " ind2=" " tag="336"><subfield code="b">txt</subfield><subfield code="2">rdacontent</subfield></datafield><datafield ind1=" " ind2=" " tag="337"><subfield code="b">n</subfield><subfield code="2">rdamedia</subfield></datafield><datafield ind1=" " ind2=" " tag="338"><subfield code="b">nc</subfield><subfield code="2">rdacarrier</subfield></datafield><datafield ind1=" " ind2=" " tag="504"><subfield code="a">Includes bibliographical references and index</subfield></datafield><datafield ind1="1" ind2="7" tag="600"><subfield code="a">Sterne, Laurence.</subfield><subfield code="t">Tristram Shandy</subfield><subfield code="0">(RERO)A010153849</subfield><subfield code="2">rero</subfield></datafield><datafield ind1="1" ind2="7" tag="600"><subfield code="a">Sterne, Laurence - influence exercée</subfield><subfield code="0">(RERO)A010153846</subfield><subfield code="2">rero</subfield></datafield><datafield ind1="1" ind2="7" tag="600"><subfield code="a">Sterne, Laurence; &lt;&lt;The&gt;&gt; life and opinions of Tristram Shandy, gentleman</subfield><subfield code="2">idszbz</subfield></datafield><datafield ind1="1" ind2="7" tag="600"><subfield code="a">Sterne, Laurence</subfield><subfield code="d">1713-1768</subfield><subfield code="t">Life and opinions of Tristram Shandy, gentleman</subfield><subfield code="2">idszbzes</subfield></datafield><datafield ind1="1" ind2="7" tag="600"><subfield code="a">Sterne, Laurence</subfield><subfield code="d">1713-1768</subfield><subfield code="0">(DE-588)11861794X</subfield><subfield code="2">gnd</subfield></datafield><datafield ind1="1" ind2="7" tag="600"><subfield code="a">Swift, Jonathan</subfield><subfield code="d">1667-1745</subfield><subfield code="0">(DE-588)118620193</subfield><subfield code="2">gnd</subfield></datafield><datafield ind1="1" ind2="0" tag="600"><subfield code="a">Sterne, Laurence</subfield><subfield code="d">1713-1768</subfield><subfield code="t">Life and opinions of Tristram Shandy, gentleman</subfield></datafield><datafield ind1="1" ind2="7" tag="600"><subfield code="a">Sterne, Laurence</subfield><subfield code="x">&lt;&lt;The&gt;&gt; life and opinions of Tristram Shandy, gentleman</subfield><subfield code="2">idsbb</subfield></datafield><datafield ind1=" " ind2="7" tag="650"><subfield code="a">Critique littéraire</subfield><subfield code="0">(IDREF)027286592</subfield><subfield code="2">idref</subfield></datafield><datafield ind1=" " ind2="7" tag="650"><subfield code="a">18e siècle</subfield><subfield code="0">(IDREF)027794512</subfield><subfield code="2">idref</subfield></datafield><datafield ind1=" " ind2="7" tag="650"><subfield code="a">Littérature anglaise</subfield><subfield code="0">(IDREF)027236722</subfield><subfield code="2">idref</subfield></datafield><datafield ind1=" " ind2="7" tag="650"><subfield code="a">Roman satirique anglais</subfield><subfield code="0">(RERO)A027726925</subfield><subfield code="2">rero</subfield></datafield><datafield ind1=" " ind2="7" tag="650"><subfield code="a">Literature publishing</subfield><subfield code="x">History</subfield><subfield code="z">England</subfield><subfield code="2">idszbzes</subfield></datafield><datafield ind1=" " ind2="7" tag="650"><subfield code="a">Serialized fiction</subfield><subfield code="2">idszbzes</subfield></datafield><datafield ind1=" " ind2="7" tag="650"><subfield code="a">Serie</subfield><subfield code="0">(DE-588)4181031-4</subfield><subfield code="2">gnd</subfield></datafield><datafield ind1=" " ind2="0" tag="650"><subfield code="a">Literature publishing</subfield><subfield code="x">History</subfield><subfield code="y">18th century</subfield></datafield><datafield ind1=" " ind2="0" tag="650"><subfield code="a">Serialized fiction</subfield><subfield code="x">History and criticism</subfield></datafield><datafield ind1=" " ind2="0" tag="650"><subfield code="a">English fiction</subfield><subfield code="y">18th century</subfield><subfield code="x">History and criticism</subfield></datafield><datafield ind1=" " ind2="0" tag="650"><subfield code="a">Literature publishing</subfield><subfield code="z">England</subfield><subfield code="x">History</subfield><subfield code="y">18th century</subfield></datafield><datafield ind1=" " ind2="0" tag="650"><subfield code="a">Satire, English</subfield><subfield code="x">History and criticism</subfield></datafield><datafield ind1=" " ind2="0" tag="650"><subfield code="a">Serialized fiction</subfield><subfield code="z">England</subfield><subfield code="x">History and criticism</subfield></datafield><datafield ind1=" " ind2="0" tag="650"><subfield code="a">Serial publication of books</subfield><subfield code="x">History</subfield><subfield code="y">18th century</subfield></datafield><datafield ind1=" " ind2="7" tag="651"><subfield code="a">Grande-Bretagne</subfield><subfield code="0">(IDREF)027228231</subfield><subfield code="2">idref</subfield></datafield><datafield ind1=" " ind2="7" tag="651"><subfield code="a">England</subfield><subfield code="0">(DE-588)4014770-8</subfield><subfield code="2">gnd</subfield></datafield><datafield ind1=" " ind2="0" tag="651"><subfield code="a">England</subfield><subfield code="x">Intellectual life</subfield><subfield code="y">18th century</subfield></datafield><datafield ind1="1" ind2=" " tag="700"><subfield code="a">Keymer, Tom</subfield><subfield code="d">1962-</subfield><subfield code="0">(DE-588)133280799</subfield></datafield><datafield ind1=" " ind2=" " tag="900"><subfield code="a">REROnoselfmerge</subfield></datafield><datafield ind1=" " ind2=" " tag="900"><subfield code="a">IDSZ2zbzmon200302e</subfield><subfield code="c">IDSZ2staub</subfield><subfield code="d">IDSZ2zbzswk200303b</subfield><subfield code="e">IDSZ2stor</subfield></datafield><datafield ind1=" " ind2=" " tag="900"><subfield code="a">IDSZ2esmon200304l</subfield><subfield code="c">IDSZ2beda</subfield><subfield code="d">IDSZ2esswk200304b</subfield><subfield code="e">IDSZ2leud</subfield></datafield></record>
</metadata></record>