<record><header><identifier>oai:alma.41SLSP_UGE:991000815839705502</identifier><datestamp>2023-06-06T00:10:24Z</datestamp><setSpec>UNIGE_ALL</setSpec></header><metadata>
<record xmlns="http://www.loc.gov/MARC21/slim" xmlns:xsi="http://www.w3.org/2001/XMLSchema-instance" xsi:schemaLocation="http://www.loc.gov/MARC21/slim http://www.loc.gov/standards/marcxml/schema/MARC21slim.xsd"><leader>02271ngm a2200373 c 4500</leader><controlfield tag="001">991000815839705502</controlfield><controlfield tag="005">20230605205526.0</controlfield><controlfield tag="007">vd |v||||</controlfield><controlfield tag="008">170612s2016    fr ||| |          v|fre d</controlfield><datafield ind1=" " ind2=" " tag="035"><subfield code="a">(swissbib)123931002-41slsp_network</subfield></datafield><datafield ind1=" " ind2=" " tag="035"><subfield code="a">123931002</subfield><subfield code="9">ExL</subfield></datafield><datafield ind1=" " ind2=" " tag="035"><subfield code="a">(RERO)R008664958-41slsp</subfield></datafield><datafield ind1=" " ind2=" " tag="035"><subfield code="a">(EXLNZ-41SLSP_NETWORK)991019314809705501</subfield></datafield><datafield ind1=" " ind2=" " tag="040"><subfield code="a">RERO geies-</subfield><subfield code="d">CH-ZuSLS</subfield></datafield><datafield ind1=" " ind2="7" tag="072"><subfield code="a">me</subfield><subfield code="2">rero</subfield></datafield><datafield ind1="0" ind2="0" tag="245"><subfield code="a">&lt;&lt;Une&gt;&gt; jeune fille de 90 ans</subfield><subfield code="c">un film de Valeria Bruni Tedeschi et Yann Coridian</subfield></datafield><datafield ind1=" " ind2="1" tag="264"><subfield code="a">[Lieu de publication non identifié]</subfield><subfield code="b">Agat Films &amp; Cie</subfield><subfield code="b">Arte [prod.]</subfield><subfield code="c">2016</subfield></datafield><datafield ind1=" " ind2=" " tag="300"><subfield code="a">1 DVD-R (85 min.)</subfield></datafield><datafield ind1=" " ind2=" " tag="336"><subfield code="b">tdi</subfield><subfield code="2">rdacontent</subfield></datafield><datafield ind1=" " ind2=" " tag="337"><subfield code="b">v</subfield><subfield code="2">rdamedia</subfield></datafield><datafield ind1=" " ind2=" " tag="338"><subfield code="b">vd</subfield><subfield code="2">rdacarrier</subfield></datafield><datafield ind1=" " ind2=" " tag="500"><subfield code="a">Diffusé sur Arte le 07.06.2017</subfield></datafield><datafield ind1="8" ind2=" " tag="520"><subfield code="a">Plein de pudeur et d'émotions, ce portrait de groupe montre sans détour, à travers la danse, des corps fatigués, des regards figés : des images parfois douloureuses, adoucies par la rencontre &quot;miraculeuse&quot; du chorégraphe et des patients qu'il accompagne, palpable bouffée d'air frais dans le huis clos médicalisé des malades et des soignants. En contrechamp intime à ces séances collectives, Valeria Bruni Tedeschi et Yann Coridian recueillent la parole de Blanche et d'autres vieilles dames seules, car pour la plupart jamais mariées et sans enfant. Tour à tour, elles dévoilent une part de leur histoire. Au rythme des &quot;Moulins de mon cœur&quot; de Michel Legrand ou encore de &quot;La vie en rose&quot; d'Édith Piaf, les souvenirs s'égrènent, teintés de regrets, d'amertume et d'espoir. (Arte)</subfield><subfield code="5">RERO/geies-/06.2017</subfield></datafield><datafield ind1=" " ind2="7" tag="650"><subfield code="a">Animation socioculturelle</subfield><subfield code="0">(IDREF)027228800</subfield><subfield code="2">idref</subfield></datafield><datafield ind1=" " ind2="7" tag="650"><subfield code="a">Danse</subfield><subfield code="0">(IDREF)027231607</subfield><subfield code="2">idref</subfield></datafield><datafield ind1=" " ind2="7" tag="650"><subfield code="a">Gériatrie</subfield><subfield code="0">(IDREF)027228045</subfield><subfield code="2">idref</subfield></datafield><datafield ind1=" " ind2="7" tag="650"><subfield code="a">Relations humaines</subfield><subfield code="0">(IDREF)027410587</subfield><subfield code="2">idref</subfield></datafield><datafield ind1=" " ind2="7" tag="650"><subfield code="a">Alzheimer, Maladie d'</subfield><subfield code="0">(IDREF)02765284X</subfield><subfield code="2">idref</subfield></datafield><datafield ind1=" " ind2="7" tag="650"><subfield code="a">Personnes âgées dépendantes</subfield><subfield code="0">(IDREF)033005508</subfield><subfield code="2">idref</subfield></datafield><datafield ind1=" " ind2="7" tag="650"><subfield code="a">Vieillissement</subfield><subfield code="0">(IDREF)027346811</subfield><subfield code="2">idref</subfield></datafield><datafield ind1=" " ind2="7" tag="650"><subfield code="a">Art-thérapie pour personnes âgées</subfield><subfield code="0">(IDREF)053458494</subfield><subfield code="2">idref</subfield></datafield><datafield ind1=" " ind2="7" tag="651"><subfield code="a">France</subfield><subfield code="0">(IDREF)027226794</subfield><subfield code="2">idref</subfield></datafield><datafield ind1=" " ind2="7" tag="655"><subfield code="a">DVD</subfield><subfield code="0">(IDREF)035108444</subfield><subfield code="2">idref</subfield></datafield><datafield ind1="1" ind2=" " tag="700"><subfield code="a">Bruni-Tedeschi, Valeria</subfield><subfield code="d">1964-....</subfield><subfield code="0">(IDREF)060398000</subfield></datafield><datafield ind1="1" ind2=" " tag="700"><subfield code="a">Coridian, Yann</subfield><subfield code="d">1972-</subfield><subfield code="0">(IDREF)140057714</subfield></datafield></record>
</metadata></record>