<record><header><identifier>oai:alma.41SLSP_UGE:991000816359705502</identifier><datestamp>2023-03-01T01:10:25Z</datestamp><setSpec>uge_bcen_RapidILL_BOOK</setSpec><setSpec>uge_aaca_RapidILL_BOOK</setSpec><setSpec>uge_abels_RapidILL_BOOK</setSpec><setSpec>uge_dbu_RapidILL_BOOK</setSpec><setSpec>uge_cmu_RapidILL_BOOK</setSpec><setSpec>uge_mail_RapidILL_BOOK</setSpec><setSpec>uge_abbat_RapidILL_BOOK</setSpec><setSpec>UNIGE_ALL</setSpec><setSpec>uge_acar_RapidILL_BOOK</setSpec><setSpec>uge_aobs_RapidILL_BOOK</setSpec></header><metadata>
<record xmlns="http://www.loc.gov/MARC21/slim" xmlns:xsi="http://www.w3.org/2001/XMLSchema-instance" xsi:schemaLocation="http://www.loc.gov/MARC21/slim http://www.loc.gov/standards/marcxml/schema/MARC21slim.xsd"><leader>01965nam a2200349 c 4500</leader><controlfield tag="001">991000816359705502</controlfield><controlfield tag="005">20230227204220.0</controlfield><controlfield tag="008">180123s2018    be ||||| |||| 00| ||fre d</controlfield><datafield ind1=" " ind2=" " tag="020"><subfield code="a">9782804705732</subfield></datafield><datafield ind1=" " ind2=" " tag="035"><subfield code="a">(swissbib)124502970-41slsp_network</subfield></datafield><datafield ind1=" " ind2=" " tag="035"><subfield code="a">124502970</subfield><subfield code="9">ExL</subfield></datafield><datafield ind1=" " ind2=" " tag="035"><subfield code="a">(RERO)R008755189-41slsp</subfield></datafield><datafield ind1=" " ind2=" " tag="035"><subfield code="a">(EXLNZ-41SLSP_NETWORK)991043491589705501</subfield></datafield><datafield ind1=" " ind2=" " tag="040"><subfield code="a">RERO geufpe</subfield><subfield code="d">CH-ZuSLS</subfield></datafield><datafield ind1=" " ind2="7" tag="072"><subfield code="a">ps</subfield><subfield code="2">rero</subfield></datafield><datafield ind1="1" ind2=" " tag="100"><subfield code="a">Leyens, Jacques-Philippe</subfield><subfield code="d">1942-2017</subfield><subfield code="0">(IDREF)032225636</subfield><subfield code="4">cre</subfield></datafield><datafield ind1="1" ind2="0" tag="245"><subfield code="a">Sommes-nous tous racistes ?</subfield><subfield code="b">psychologie des racismes ordinaires</subfield><subfield code="c">Jacques-Philippe Leyens</subfield></datafield><datafield ind1=" " ind2=" " tag="250"><subfield code="a">[Ed. remaniée]</subfield></datafield><datafield ind1=" " ind2="1" tag="264"><subfield code="a">Bruxelles</subfield><subfield code="b">Mardaga</subfield><subfield code="c">2018</subfield></datafield><datafield ind1=" " ind2=" " tag="300"><subfield code="a">178 p.</subfield></datafield><datafield ind1=" " ind2=" " tag="336"><subfield code="b">txt</subfield><subfield code="2">rdacontent</subfield></datafield><datafield ind1=" " ind2=" " tag="337"><subfield code="b">n</subfield><subfield code="2">rdamedia</subfield></datafield><datafield ind1=" " ind2=" " tag="338"><subfield code="b">nc</subfield><subfield code="2">rdacarrier</subfield></datafield><datafield ind1="1" ind2=" " tag="490"><subfield code="a">PSY-Individus, groupes, cultures</subfield><subfield code="v">7</subfield></datafield><datafield ind1=" " ind2=" " tag="504"><subfield code="a">Bibliogr. : p. 175-178.</subfield></datafield><datafield ind1="8" ind2=" " tag="520"><subfield code="a">&quot;Je sais que je suis raciste, peut-être même envers plusieurs groupes. [...] Je sais aussi que je ne voterais jamais pour un parti, nationaliste par exemple, qui aurait le moindre relent raciste. Je suis contre le racisme. Je sais encore que je ne suis pas excentrique ; je me considère dans la moyenne des gens. Je suis également un scientifique et non un rêveur. Mes convictions que le racisme est quasi universel sont donc basées sur une interprétation de recherches fiables et cohérentes. [...] J'écris ce livre avec la conviction que les conséquences les plus néfastes du racisme disparaîtront ou diminueront si l'on accepte tout d'abord ce côté nauséabond de notre personne. [...]&quot; (4e de couv.)</subfield><subfield code="5">RERO/njhep-/05.2018</subfield></datafield><datafield ind1=" " ind2="7" tag="650"><subfield code="a">Racisme</subfield><subfield code="0">(IDREF)027341690</subfield><subfield code="2">idref</subfield></datafield><datafield ind1=" " ind2="7" tag="650"><subfield code="a">Préjugés</subfield><subfield code="0">(IDREF)02743138X</subfield><subfield code="2">idref</subfield></datafield><datafield ind1=" " ind2="7" tag="650"><subfield code="a">Stéréotype (psychologie)</subfield><subfield code="0">(IDREF)027821668</subfield><subfield code="2">idref</subfield></datafield><datafield ind1=" " ind2="7" tag="650"><subfield code="a">Psychologie sociale</subfield><subfield code="0">(IDREF)027241661</subfield><subfield code="2">idref</subfield></datafield><datafield ind1=" " ind2="7" tag="650"><subfield code="a">Discrimination</subfield><subfield code="0">(IDREF)027803465</subfield><subfield code="2">idref</subfield></datafield><datafield ind1=" " ind2=" " tag="830"><subfield code="a">PSY - Individus, groupes, cultures</subfield><subfield code="v">7</subfield><subfield code="w">(RERO)R005438785-41slsp</subfield></datafield><datafield ind1=" " ind2=" " tag="900"><subfield code="a">REROnoselfmerge</subfield></datafield></record>
</metadata></record>