<record><header><identifier>oai:alma.41SLSP_UGE:991000815919705502</identifier><datestamp>2023-03-01T01:10:25Z</datestamp><setSpec>uge_bcen_RapidILL_BOOK</setSpec><setSpec>uge_aaca_RapidILL_BOOK</setSpec><setSpec>uge_abels_RapidILL_BOOK</setSpec><setSpec>uge_dbu_RapidILL_BOOK</setSpec><setSpec>uge_cmu_RapidILL_BOOK</setSpec><setSpec>uge_mail_RapidILL_BOOK</setSpec><setSpec>UNIGE_ALL</setSpec><setSpec>uge_abbat_RapidILL_BOOK</setSpec><setSpec>uge_aobs_RapidILL_BOOK</setSpec><setSpec>uge_acar_RapidILL_BOOK</setSpec></header><metadata>
<record xmlns="http://www.loc.gov/MARC21/slim" xmlns:xsi="http://www.w3.org/2001/XMLSchema-instance" xsi:schemaLocation="http://www.loc.gov/MARC21/slim http://www.loc.gov/standards/marcxml/schema/MARC21slim.xsd"><leader>02828nam a2200289 c 4500</leader><controlfield tag="001">991000815919705502</controlfield><controlfield tag="005">20201225182330.0</controlfield><controlfield tag="008">860904s1966    ru ||||| |||| 00| ||rus d</controlfield><datafield ind1=" " ind2=" " tag="035"><subfield code="a">(swissbib)081067585-41slsp_network</subfield></datafield><datafield ind1=" " ind2=" " tag="035"><subfield code="a">081067585</subfield><subfield code="9">ExL</subfield></datafield><datafield ind1=" " ind2=" " tag="035"><subfield code="a">(RERO)0748729-41slsp</subfield></datafield><datafield ind1=" " ind2=" " tag="035"><subfield code="a">(EXLNZ-41SLSP_NETWORK)991041977319705501</subfield></datafield><datafield ind1=" " ind2=" " tag="040"><subfield code="a">RERO geudbu</subfield><subfield code="d">CH-ZuSLS</subfield></datafield><datafield ind1=" " ind2="7" tag="072"><subfield code="a">ru</subfield><subfield code="2">rero</subfield></datafield><datafield ind1="1" ind2=" " tag="100"><subfield code="6">880-01</subfield><subfield code="a">Šklovskij, Viktor Borisovič</subfield><subfield code="d">1893-1984</subfield><subfield code="0">(IDREF)026787261</subfield><subfield code="4">cre</subfield></datafield><datafield ind1="1" ind2=" " tag="880"><subfield code="6">100-01/(N</subfield><subfield code="a">Шкловский, Виктор Борисович</subfield></datafield><datafield ind1="1" ind2="0" tag="245"><subfield code="6">880-02</subfield><subfield code="a">Povesti o proze</subfield><subfield code="b">razmyshlenii︠a︡ i razbory</subfield><subfield code="c">Viktor Shklovskiĭ.</subfield><subfield code="n">Tom 1</subfield><subfield code="p">Rasskazyvai︠u︡shchiĭ, glavnym obrazom, o zapadnoĭ proze</subfield></datafield><datafield ind1="1" ind2="0" tag="880"><subfield code="6">245-02/(N</subfield><subfield code="a">Повести о прозе</subfield><subfield code="b">размышления и разборы</subfield><subfield code="c">Виктор Шкловский.</subfield><subfield code="n">Том 1</subfield><subfield code="p">Рассказывающий, главным образом, о западной прозе</subfield></datafield><datafield ind1="1" ind2=" " tag="246"><subfield code="a">Povesti o proze</subfield><subfield code="b">razmyšlenija i razbory / Viktor Šklovskij.</subfield><subfield code="n">Tom 1</subfield><subfield code="p">Rasskazyvajuščij, glavnym obrazom, o zapadnoj proze</subfield></datafield><datafield ind1=" " ind2="1" tag="264"><subfield code="6">880-03</subfield><subfield code="a">Moskva</subfield><subfield code="b">Chudožestvennaja literatura</subfield><subfield code="c">1966</subfield></datafield><datafield ind1=" " ind2="1" tag="880"><subfield code="6">264-03/(N</subfield><subfield code="a">Москва</subfield><subfield code="b">Художественная литература</subfield><subfield code="c">1966</subfield></datafield><datafield ind1=" " ind2=" " tag="300"><subfield code="a">335 p.</subfield><subfield code="c">21 cm</subfield></datafield><datafield ind1=" " ind2=" " tag="336"><subfield code="b">txt</subfield><subfield code="2">rdacontent</subfield></datafield><datafield ind1=" " ind2=" " tag="337"><subfield code="b">n</subfield><subfield code="2">rdamedia</subfield></datafield><datafield ind1=" " ind2=" " tag="338"><subfield code="b">nc</subfield><subfield code="2">rdacarrier</subfield></datafield><datafield ind1="1" ind2=" " tag="800"><subfield code="6">880-04</subfield><subfield code="a">Shklovskiĭ, Viktor Borisovich</subfield><subfield code="t">Povesti o proze</subfield><subfield code="v">1</subfield><subfield code="w">(RERO)0748717-41slsp</subfield></datafield><datafield ind1="1" ind2=" " tag="880"><subfield code="6">800-04/(N</subfield><subfield code="a">Шкловский, Виктор Борисович</subfield><subfield code="t">Повести о прозе : размышления и разборы</subfield><subfield code="v">1</subfield></datafield><datafield ind1=" " ind2=" " tag="900"><subfield code="a">REROnoselfmerge</subfield></datafield></record>
</metadata></record>