<record><header><identifier>oai:alma.41SLSP_UGE:991000816649705502</identifier><datestamp>2023-03-01T01:10:25Z</datestamp><setSpec>uge_bcen_RapidILL_BOOK</setSpec><setSpec>uge_aaca_RapidILL_BOOK</setSpec><setSpec>uge_abels_RapidILL_BOOK</setSpec><setSpec>uge_dbu_RapidILL_BOOK</setSpec><setSpec>uge_cmu_RapidILL_BOOK</setSpec><setSpec>uge_mail_RapidILL_BOOK</setSpec><setSpec>UNIGE_ALL</setSpec><setSpec>uge_abbat_RapidILL_BOOK</setSpec><setSpec>uge_aobs_RapidILL_BOOK</setSpec><setSpec>uge_acar_RapidILL_BOOK</setSpec></header><metadata>
<record xmlns="http://www.loc.gov/MARC21/slim" xmlns:xsi="http://www.w3.org/2001/XMLSchema-instance" xsi:schemaLocation="http://www.loc.gov/MARC21/slim http://www.loc.gov/standards/marcxml/schema/MARC21slim.xsd"><leader>01404nam a2200385 c 4500</leader><controlfield tag="001">991000816649705502</controlfield><controlfield tag="005">20201230222213.0</controlfield><controlfield tag="008">201011s1954    sp acd   |||| 101 0 spa|d</controlfield><datafield ind1=" " ind2=" " tag="035"><subfield code="a">(swissbib)221829148-41slsp_network</subfield></datafield><datafield ind1=" " ind2=" " tag="035"><subfield code="a">221829148</subfield><subfield code="9">ExL</subfield></datafield><datafield ind1=" " ind2=" " tag="035"><subfield code="a">(NEBIS)002855984EBI01</subfield></datafield><datafield ind1=" " ind2=" " tag="035"><subfield code="a">(RERO)R004595883-41slsp</subfield></datafield><datafield ind1=" " ind2=" " tag="035"><subfield code="a">(OCoLC)697196261</subfield></datafield><datafield ind1=" " ind2=" " tag="035"><subfield code="a">(EXLNZ-41SLSP_NETWORK)991056399779705501</subfield></datafield><datafield ind1=" " ind2=" " tag="040"><subfield code="a">LRU</subfield><subfield code="d">CH-ZuSLS</subfield></datafield><datafield ind1="0" ind2=" " tag="041"><subfield code="a">spa</subfield><subfield code="a">eng</subfield><subfield code="a">fre</subfield><subfield code="a">por</subfield></datafield><datafield ind1=" " ind2=" " tag="050"><subfield code="a">RC154.A2</subfield><subfield code="b">I58 1953</subfield></datafield><datafield ind1=" " ind2="4" tag="060"><subfield code="a">WC 335</subfield></datafield><datafield ind1=" " ind2="7" tag="072"><subfield code="a">me</subfield><subfield code="2">rero</subfield></datafield><datafield ind1="0" ind2="0" tag="245"><subfield code="a">Memoria del VI Congreso Internacional de Leprología</subfield><subfield code="b">Madrid, octubre de 1953</subfield><subfield code="c">organizado por el Gobierno de España en colaboración con la Asociación Internacional de la Lepra ... [et al.]</subfield></datafield><datafield ind1=" " ind2="1" tag="264"><subfield code="a">Madrid</subfield><subfield code="b">[Verlag nicht ermittelbar]</subfield><subfield code="c">1954</subfield></datafield><datafield ind1=" " ind2=" " tag="300"><subfield code="a">1344 p.</subfield><subfield code="b">ill., ports., chart.</subfield></datafield><datafield ind1=" " ind2=" " tag="336"><subfield code="b">txt</subfield><subfield code="2">rdacontent</subfield></datafield><datafield ind1=" " ind2=" " tag="337"><subfield code="b">n</subfield><subfield code="2">rdamedia</subfield></datafield><datafield ind1=" " ind2=" " tag="338"><subfield code="b">nc</subfield><subfield code="2">rdacarrier</subfield></datafield><datafield ind1=" " ind2=" " tag="500"><subfield code="a">Text in Spanish, English, French or Portuguese</subfield></datafield><datafield ind1=" " ind2=" " tag="504"><subfield code="a">Includes index.</subfield></datafield><datafield ind1=" " ind2="0" tag="650"><subfield code="a">Leprosy</subfield><subfield code="v">Congresses</subfield></datafield><datafield ind1=" " ind2="2" tag="650"><subfield code="a">Leprosy</subfield></datafield><datafield ind1=" " ind2="7" tag="655"><subfield code="a">Konferenzschrift</subfield><subfield code="z">Madrid</subfield><subfield code="y">1953</subfield><subfield code="2">gnd-content</subfield></datafield><datafield ind1=" " ind2="2" tag="655"><subfield code="a">Congress</subfield></datafield><datafield ind1="1" ind2=" " tag="710"><subfield code="a">Spanien</subfield><subfield code="b">Gobierno</subfield><subfield code="0">(DE-588)113119-9</subfield></datafield><datafield ind1="2" ind2=" " tag="711"><subfield code="a">Congrès international de la lèpre</subfield><subfield code="n">6</subfield><subfield code="d">1953</subfield><subfield code="c">Madrid</subfield><subfield code="0">(RERO)A013717651</subfield></datafield><datafield ind1="2" ind2=" " tag="711"><subfield code="a">International Leprosy Congress</subfield><subfield code="0">(DE-588)16803-8</subfield></datafield><datafield ind1=" " ind2=" " tag="900"><subfield code="a">IDSZ2zbzmon201203rf</subfield><subfield code="c">IDSZ2meyc</subfield></datafield><datafield ind1=" " ind2=" " tag="900"><subfield code="a">REROnoselfmerge</subfield></datafield><datafield ind1=" " ind2=" " tag="990"><subfield code="a">donomshim</subfield><subfield code="9">LOCAL</subfield></datafield></record>
</metadata></record>