<record><header><identifier>oai:alma.41SLSP_UGE:991000816129705502</identifier><datestamp>2023-05-03T00:46:59Z</datestamp><setSpec>uge_bcen_RapidILL_BOOK</setSpec><setSpec>uge_aaca_RapidILL_BOOK</setSpec><setSpec>uge_abels_RapidILL_BOOK</setSpec><setSpec>uge_dbu_RapidILL_BOOK</setSpec><setSpec>uge_cmu_RapidILL_BOOK</setSpec><setSpec>uge_mail_RapidILL_BOOK</setSpec><setSpec>uge_abbat_RapidILL_BOOK</setSpec><setSpec>UNIGE_ALL</setSpec><setSpec>uge_acar_RapidILL_BOOK</setSpec><setSpec>uge_aobs_RapidILL_BOOK</setSpec></header><metadata>
<record xmlns="http://www.loc.gov/MARC21/slim" xmlns:xsi="http://www.w3.org/2001/XMLSchema-instance" xsi:schemaLocation="http://www.loc.gov/MARC21/slim http://www.loc.gov/standards/marcxml/schema/MARC21slim.xsd"><leader>01639nam a2200469 c 4500</leader><controlfield tag="001">991000816129705502</controlfield><controlfield tag="005">20230502190856.0</controlfield><controlfield tag="008">201012s1981    ie ||||| |||| 00| ||gla d</controlfield><datafield ind1=" " ind2=" " tag="020"><subfield code="a">0851053637</subfield><subfield code="q">GB, cloth.</subfield></datafield><datafield ind1=" " ind2=" " tag="020"><subfield code="a">0851053645</subfield><subfield code="q">GB, paper</subfield></datafield><datafield ind1=" " ind2=" " tag="020"><subfield code="a">0812278135</subfield><subfield code="q">US, cloth.</subfield></datafield><datafield ind1=" " ind2=" " tag="020"><subfield code="a">0812211219</subfield><subfield code="q">US, paper.</subfield></datafield><datafield ind1=" " ind2=" " tag="035"><subfield code="a">(swissbib)241918553-41slsp_network</subfield></datafield><datafield ind1=" " ind2=" " tag="035"><subfield code="a">241918553</subfield><subfield code="9">ExL</subfield></datafield><datafield ind1=" " ind2=" " tag="035"><subfield code="a">(RERO)0601146-41slsp</subfield></datafield><datafield ind1=" " ind2=" " tag="035"><subfield code="a">(IDSBB)000527995DSV01</subfield></datafield><datafield ind1=" " ind2=" " tag="035"><subfield code="a">(NEBIS)006344685EBI01</subfield></datafield><datafield ind1=" " ind2=" " tag="035"><subfield code="a">(EXLNZ-41SLSP_NETWORK)991149118649705501</subfield></datafield><datafield ind1=" " ind2=" " tag="040"><subfield code="a">RERO geulan</subfield><subfield code="d">CH-ZuSLS</subfield></datafield><datafield ind1="0" ind2=" " tag="041"><subfield code="a">gla</subfield><subfield code="a">eng</subfield></datafield><datafield ind1=" " ind2=" " tag="044"><subfield code="a">ir</subfield><subfield code="a">xxu</subfield></datafield><datafield ind1=" " ind2="7" tag="072"><subfield code="a">an</subfield><subfield code="2">rero</subfield></datafield><datafield ind1=" " ind2="7" tag="072"><subfield code="a">ip</subfield><subfield code="2">SzZuIDS BS/BE</subfield></datafield><datafield ind1=" " ind2=" " tag="084"><subfield code="a">HN 5153</subfield><subfield code="2">rvk</subfield></datafield><datafield ind1="0" ind2="0" tag="245"><subfield code="a">&lt;&lt;An&gt;&gt; Duanaire</subfield><subfield code="b">1600-1900 : poems of the dispossessed</subfield><subfield code="c">curtha i láthair ag Seán O'Tuama ; with translations into English verse by Thomas Kinsella</subfield></datafield><datafield ind1="1" ind2=" " tag="246"><subfield code="a">&lt;&lt;An&gt;&gt; Irish anthology</subfield></datafield><datafield ind1=" " ind2="1" tag="264"><subfield code="a">Mountrath</subfield><subfield code="a">Portlaoise</subfield><subfield code="b">Dolmen Press</subfield><subfield code="c">1981</subfield></datafield><datafield ind1=" " ind2=" " tag="300"><subfield code="a">XXXIX, 382 p.</subfield><subfield code="b">ill.</subfield><subfield code="c">23cm</subfield></datafield><datafield ind1=" " ind2=" " tag="336"><subfield code="b">txt</subfield><subfield code="2">rdacontent</subfield></datafield><datafield ind1=" " ind2=" " tag="337"><subfield code="b">n</subfield><subfield code="2">rdamedia</subfield></datafield><datafield ind1=" " ind2=" " tag="338"><subfield code="b">nc</subfield><subfield code="2">rdacarrier</subfield></datafield><datafield ind1=" " ind2=" " tag="500"><subfield code="a">Texte irlandais et traduction anglaise en regard</subfield></datafield><datafield ind1=" " ind2=" " tag="500"><subfield code="a">Irisch-englischer Paralleltext</subfield></datafield><datafield ind1=" " ind2="7" tag="650"><subfield code="a">Poésie irlandaise</subfield><subfield code="0">(IDREF)027283178</subfield><subfield code="2">idref</subfield></datafield><datafield ind1=" " ind2="7" tag="650"><subfield code="a">17e siècle-20e siècle</subfield><subfield code="2">idref</subfield></datafield><datafield ind1=" " ind2="7" tag="650"><subfield code="a">Dichtung</subfield><subfield code="z">irische</subfield><subfield code="v">Anthologie</subfield><subfield code="2">idsbb</subfield></datafield><datafield ind1=" " ind2="7" tag="655"><subfield code="a">Anthologies</subfield><subfield code="0">(IDREF)027269493</subfield><subfield code="2">idref</subfield></datafield><datafield ind1="1" ind2=" " tag="700"><subfield code="a">Ó Tuama, Seán</subfield></datafield><datafield ind1="1" ind2=" " tag="700"><subfield code="a">O'Tuama, Seán</subfield><subfield code="0">(IDREF)057024189</subfield></datafield><datafield ind1="1" ind2=" " tag="700"><subfield code="a">Kinsella, Thomas</subfield><subfield code="0">(RERO)A003455223</subfield></datafield><datafield ind1="0" ind2=" " tag="730"><subfield code="a">&lt;&lt;An&gt;&gt; duanaire</subfield><subfield code="k">Auszug</subfield></datafield><datafield ind1=" " ind2=" " tag="900"><subfield code="a">REROnoselfmerge</subfield></datafield><datafield ind1=" " ind2=" " tag="900"><subfield code="a">IDSZ2esmon201102r</subfield><subfield code="c">IDSZ2mart</subfield></datafield></record>
</metadata></record>