<record><header><identifier>oai:alma.41SLSP_UGE:991000816549705502</identifier><datestamp>2023-03-04T01:13:32Z</datestamp><setSpec>uge_bcen_RapidILL_BOOK</setSpec><setSpec>uge_aaca_RapidILL_BOOK</setSpec><setSpec>uge_abels_RapidILL_BOOK</setSpec><setSpec>uge_dbu_RapidILL_BOOK</setSpec><setSpec>uge_cmu_RapidILL_BOOK</setSpec><setSpec>uge_mail_RapidILL_BOOK</setSpec><setSpec>uge_abbat_RapidILL_BOOK</setSpec><setSpec>UNIGE_ALL</setSpec><setSpec>uge_acar_RapidILL_BOOK</setSpec><setSpec>uge_aobs_RapidILL_BOOK</setSpec></header><metadata>
<record xmlns="http://www.loc.gov/MARC21/slim" xmlns:xsi="http://www.w3.org/2001/XMLSchema-instance" xsi:schemaLocation="http://www.loc.gov/MARC21/slim http://www.loc.gov/standards/marcxml/schema/MARC21slim.xsd"><leader>01680nam a22004092c 4500</leader><controlfield tag="001">991000816549705502</controlfield><controlfield tag="005">20230303213635.0</controlfield><controlfield tag="008">150623s2015    fr ||||| |||| 10| ||fre d</controlfield><datafield ind1=" " ind2=" " tag="020"><subfield code="a">235687383X</subfield><subfield code="q">br</subfield></datafield><datafield ind1=" " ind2=" " tag="020"><subfield code="a">9782356873835</subfield><subfield code="q">br</subfield></datafield><datafield ind1="7" ind2=" " tag="024"><subfield code="a">http://catalogue.bnf.fr/ark:/12148/cb44338681k</subfield><subfield code="2">uri</subfield></datafield><datafield ind1=" " ind2=" " tag="035"><subfield code="a">(swissbib)121719987-41slsp_network</subfield></datafield><datafield ind1=" " ind2=" " tag="035"><subfield code="a">121719987</subfield><subfield code="9">ExL</subfield></datafield><datafield ind1=" " ind2=" " tag="035"><subfield code="a">(RERO)R008180164-41slsp</subfield></datafield><datafield ind1=" " ind2=" " tag="035"><subfield code="a">(EXLNZ-41SLSP_NETWORK)991014559789705501</subfield></datafield><datafield ind1=" " ind2=" " tag="040"><subfield code="a">ZWZ</subfield><subfield code="d">CH-ZuSLS</subfield></datafield><datafield ind1=" " ind2="7" tag="072"><subfield code="a">so</subfield><subfield code="2">rero</subfield></datafield><datafield ind1="0" ind2="0" tag="245"><subfield code="a">Capitalisme et démocratie</subfield><subfield code="b">autour de l'oeuvre d'Axel Honneth</subfield><subfield code="c">Christophe Bouton et Guillaume le Blanc (sous la direction de)</subfield></datafield><datafield ind1="1" ind2=" " tag="246"><subfield code="a">Capitalisme &amp; démocratie</subfield></datafield><datafield ind1=" " ind2="1" tag="264"><subfield code="a">Lormont</subfield><subfield code="b">Le Bord de l'eau</subfield><subfield code="c">2015</subfield></datafield><datafield ind1=" " ind2=" " tag="300"><subfield code="a">370 p.</subfield></datafield><datafield ind1=" " ind2=" " tag="336"><subfield code="b">txt</subfield><subfield code="2">rdacontent</subfield></datafield><datafield ind1=" " ind2=" " tag="337"><subfield code="b">n</subfield><subfield code="2">rdamedia</subfield></datafield><datafield ind1=" " ind2=" " tag="338"><subfield code="b">nc</subfield><subfield code="2">rdacarrier</subfield></datafield><datafield ind1="0" ind2=" " tag="490"><subfield code="a">Diagnostics</subfield></datafield><datafield ind1=" " ind2=" " tag="500"><subfield code="a">Ouvrage issu de l'atelier de lecture du colloque &quot;Capitalisme et démocratie. Autour de l'oeuvre d'Axel Honneth&quot; qui s'est tenu les 5 et 6 février 2014 à l'Université Bordeaux Montaigne</subfield></datafield><datafield ind1=" " ind2=" " tag="500"><subfield code="a">Présentation des auteurs p. [365]-370</subfield></datafield><datafield ind1=" " ind2=" " tag="500"><subfield code="a">Titre de la couv.: Capitalisme &amp; démocratie</subfield></datafield><datafield ind1=" " ind2=" " tag="504"><subfield code="a">Notes bibliographiques en bas de pages</subfield></datafield><datafield ind1="1" ind2="7" tag="600"><subfield code="a">Honneth, Axel</subfield><subfield code="d">1949-....</subfield><subfield code="0">(IDREF)029096251</subfield><subfield code="2">idref</subfield></datafield><datafield ind1=" " ind2="7" tag="650"><subfield code="a">Critique</subfield><subfield code="0">(RERO)A021113389</subfield><subfield code="2">rero</subfield></datafield><datafield ind1=" " ind2="7" tag="650"><subfield code="a">Interprétation</subfield><subfield code="0">(IDREF)027792706</subfield><subfield code="2">idref</subfield></datafield><datafield ind1=" " ind2="7" tag="650"><subfield code="a">Démocratie</subfield><subfield code="0">(IDREF)027358054</subfield><subfield code="2">idref</subfield></datafield><datafield ind1=" " ind2="7" tag="650"><subfield code="a">Émancipation</subfield><subfield code="0">(IDREF)03503243X</subfield><subfield code="2">idref</subfield></datafield><datafield ind1=" " ind2="7" tag="655"><subfield code="a">Actes de congrès</subfield><subfield code="0">(IDREF)02886431X</subfield><subfield code="2">idref</subfield></datafield><datafield ind1="1" ind2=" " tag="700"><subfield code="a">Bouton, Christophe</subfield><subfield code="0">(RERO)A003033376</subfield></datafield><datafield ind1=" " ind2=" " tag="900"><subfield code="a">REROnoselfmerge</subfield></datafield><datafield ind1=" " ind2=" " tag="910"><subfield code="a">OCoLC</subfield><subfield code="b">20150623</subfield><subfield code="c">Droits réservés</subfield></datafield></record>
</metadata></record>