<record><header><identifier>oai:alma.41SLSP_UGE:991000816449705502</identifier><datestamp>2023-03-18T01:16:20Z</datestamp><setSpec>uge_bcen_RapidILL_BOOK</setSpec><setSpec>uge_aaca_RapidILL_BOOK</setSpec><setSpec>uge_abels_RapidILL_BOOK</setSpec><setSpec>uge_dbu_RapidILL_BOOK</setSpec><setSpec>uge_cmu_RapidILL_BOOK</setSpec><setSpec>uge_mail_RapidILL_BOOK</setSpec><setSpec>uge_abbat_RapidILL_BOOK</setSpec><setSpec>UNIGE_ALL</setSpec><setSpec>uge_aobs_RapidILL_BOOK</setSpec><setSpec>uge_acar_RapidILL_BOOK</setSpec></header><metadata>
<record xmlns="http://www.loc.gov/MARC21/slim" xmlns:xsi="http://www.w3.org/2001/XMLSchema-instance" xsi:schemaLocation="http://www.loc.gov/MARC21/slim http://www.loc.gov/standards/marcxml/schema/MARC21slim.xsd"><leader>03458nam a2200769 c 4500</leader><controlfield tag="001">991000816449705502</controlfield><controlfield tag="005">20230317151109.0</controlfield><controlfield tag="008">201011s2001    sz            00| | fre  </controlfield><datafield ind1=" " ind2=" " tag="020"><subfield code="a">2970007533</subfield></datafield><datafield ind1=" " ind2=" " tag="035"><subfield code="a">(swissbib)227480961-41slsp_network</subfield></datafield><datafield ind1=" " ind2=" " tag="035"><subfield code="a">227480961</subfield><subfield code="9">ExL</subfield></datafield><datafield ind1=" " ind2=" " tag="035"><subfield code="a">(IDSLU)000221214ILU01</subfield></datafield><datafield ind1=" " ind2=" " tag="035"><subfield code="a">(RERO)R003101637-41slsp</subfield></datafield><datafield ind1=" " ind2=" " tag="035"><subfield code="a">(IDSBB)002658308DSV01</subfield></datafield><datafield ind1=" " ind2=" " tag="035"><subfield code="a">(NEBIS)004190948EBI01</subfield></datafield><datafield ind1=" " ind2=" " tag="035"><subfield code="a">(EXLNZ-41SLSP_NETWORK)991079192149705501</subfield></datafield><datafield ind1=" " ind2=" " tag="040"><subfield code="a">SzZuIDS NEBIS ETH-BIB</subfield><subfield code="e">kids</subfield><subfield code="d">CH-ZuSLS</subfield></datafield><datafield ind1=" " ind2=" " tag="044"><subfield code="a">sz</subfield><subfield code="c">ch-ne</subfield></datafield><datafield ind1=" " ind2="7" tag="072"><subfield code="a">460</subfield><subfield code="2">IDS LU</subfield></datafield><datafield ind1=" " ind2="7" tag="072"><subfield code="a">ba</subfield><subfield code="2">rero</subfield></datafield><datafield ind1=" " ind2="7" tag="072"><subfield code="a">kh</subfield><subfield code="2">SzZuIDS BS/BE</subfield></datafield><datafield ind1="1" ind2="4" tag="082"><subfield code="a">741.670 9494</subfield><subfield code="2">22</subfield></datafield><datafield ind1=" " ind2=" " tag="084"><subfield code="a">9,10</subfield><subfield code="a">9,11</subfield><subfield code="2">ssgn</subfield></datafield><datafield ind1="0" ind2="0" tag="245"><subfield code="a">&lt;&lt;Les&gt;&gt; artistes suisses et l'affiche</subfield><subfield code="b">un siècle de fascination et de confrontation</subfield><subfield code="c">texte de Jean-Charles Giroud ; avant-propos de Michel Schlup</subfield></datafield><datafield ind1=" " ind2="1" tag="264"><subfield code="a">Neuchâtel</subfield><subfield code="b">Association des Amis de l'Affiche Suisse</subfield><subfield code="c">2001</subfield></datafield><datafield ind1=" " ind2="3" tag="264"><subfield code="a">Saint-Blaise</subfield><subfield code="b">Zwahlen</subfield></datafield><datafield ind1=" " ind2=" " tag="300"><subfield code="a">194 p.</subfield><subfield code="b">ill. en coul.</subfield><subfield code="c">26 cm</subfield></datafield><datafield ind1=" " ind2=" " tag="336"><subfield code="b">txt</subfield><subfield code="2">rdacontent</subfield></datafield><datafield ind1=" " ind2=" " tag="337"><subfield code="b">n</subfield><subfield code="2">rdamedia</subfield></datafield><datafield ind1=" " ind2=" " tag="338"><subfield code="b">nc</subfield><subfield code="2">rdacarrier</subfield></datafield><datafield ind1=" " ind2=" " tag="500"><subfield code="a">&quot;Cet ouvrage constitue le catalogue de l'exposition itinérante &quot;Les artistes suisses et l'affiche, un siècle de fascination et de confrontation&quot;, inaugurée à Neuchâtel le vendredi 5 octobre 2001 au péristyle de l'Hôtel de Ville&quot;</subfield></datafield><datafield ind1=" " ind2=" " tag="504"><subfield code="a">Index</subfield></datafield><datafield ind1="8" ind2=" " tag="520"><subfield code="a">Un chapitre est consacré à l'Exposition nationale de 1896 à Genève</subfield></datafield><datafield ind1="8" ind2=" " tag="520"><subfield code="a">Concerne aussi quelques affiches et artistes neuchâtelois</subfield><subfield code="5">RERO/necfbv/08.2006/3501</subfield></datafield><datafield ind1=" " ind2="7" tag="648"><subfield code="a">Geschichte 1900-2000</subfield><subfield code="2">gnd</subfield></datafield><datafield ind1=" " ind2="7" tag="648"><subfield code="a">Geschichte 1900-2000</subfield><subfield code="2">idszbz</subfield></datafield><datafield ind1=" " ind2="7" tag="648"><subfield code="a">Geschichte</subfield><subfield code="2">gnd</subfield></datafield><datafield ind1=" " ind2="7" tag="648"><subfield code="a">Geschichte</subfield><subfield code="2">idszbz</subfield></datafield><datafield ind1=" " ind2="7" tag="650"><subfield code="a">19e siècle (fin)-20e siècle</subfield><subfield code="0">(RERO)A022514908</subfield><subfield code="2">rero</subfield></datafield><datafield ind1=" " ind2="7" tag="650"><subfield code="a">Affiches</subfield><subfield code="0">(IDREF)027348202</subfield><subfield code="2">idref</subfield></datafield><datafield ind1=" " ind2="7" tag="650"><subfield code="a">Plakat</subfield><subfield code="z">Schweiz</subfield><subfield code="y">Geschichte 19. Jh</subfield><subfield code="2">idsbb</subfield></datafield><datafield ind1=" " ind2="7" tag="650"><subfield code="a">Plakat</subfield><subfield code="z">Schweiz</subfield><subfield code="y">Geschichte 20. Jh</subfield><subfield code="2">idsbb</subfield></datafield><datafield ind1=" " ind2="7" tag="650"><subfield code="a">Plakat</subfield><subfield code="0">(DE-588)4046198-1</subfield><subfield code="2">gnd</subfield></datafield><datafield ind1=" " ind2="7" tag="650"><subfield code="a">Ausstellung</subfield><subfield code="0">(DE-588)4129601-1</subfield><subfield code="2">gnd</subfield></datafield><datafield ind1=" " ind2="7" tag="650"><subfield code="a">Plakat</subfield><subfield code="2">idszbz</subfield></datafield><datafield ind1=" " ind2="0" tag="650"><subfield code="a">Artists</subfield><subfield code="z">Switzerland</subfield><subfield code="v">Exhibitions</subfield></datafield><datafield ind1=" " ind2="0" tag="650"><subfield code="a">Commercial art</subfield><subfield code="z">Switzerland</subfield><subfield code="v">Exhibitions</subfield></datafield><datafield ind1=" " ind2="0" tag="650"><subfield code="a">Posters, Swiss</subfield><subfield code="v">Exhibitions</subfield></datafield><datafield ind1=" " ind2="7" tag="650"><subfield code="a">PLAKATKUNST (GRAFIK)</subfield><subfield code="9">ger</subfield><subfield code="0">(ETHUDK)000035870</subfield><subfield code="2">ethudk</subfield></datafield><datafield ind1=" " ind2="7" tag="650"><subfield code="a">PUBLIKATIONEN ZU TEMPORÄREN AUSSTELLUNGEN</subfield><subfield code="9">ger</subfield><subfield code="0">(ETHUDK)000009298</subfield><subfield code="2">ethudk</subfield></datafield><datafield ind1=" " ind2="7" tag="650"><subfield code="a">SCHWEIZ (MITTELEUROPA). SCHWEIZERISCHE EIDGENOSSENSCHAFT</subfield><subfield code="9">ger</subfield><subfield code="0">(ETHUDK)000004571</subfield><subfield code="2">ethudk</subfield></datafield><datafield ind1=" " ind2="7" tag="650"><subfield code="a">&quot;1850/2000&quot;</subfield><subfield code="2">ethudk</subfield></datafield><datafield ind1=" " ind2="7" tag="651"><subfield code="a">Suisse</subfield><subfield code="0">(IDREF)027249654</subfield><subfield code="2">idref</subfield></datafield><datafield ind1=" " ind2="7" tag="651"><subfield code="a">Schweiz</subfield><subfield code="0">(DE-588)4053881-3</subfield><subfield code="2">gnd</subfield></datafield><datafield ind1=" " ind2="7" tag="651"><subfield code="a">Schweiz</subfield><subfield code="2">idszbz</subfield></datafield><datafield ind1=" " ind2="7" tag="655"><subfield code="a">Ausstellungskatalog</subfield><subfield code="z">Neuenburg, Schweiz</subfield><subfield code="y">2001</subfield><subfield code="2">gnd-content</subfield></datafield><datafield ind1=" " ind2="7" tag="655"><subfield code="a">Catalogues d'exposition</subfield><subfield code="0">(IDREF)027320456</subfield><subfield code="2">idref</subfield></datafield><datafield ind1=" " ind2="7" tag="655"><subfield code="a">Ausstellungskatalog</subfield><subfield code="z">Neuenburg (Schweiz)</subfield><subfield code="y">2001</subfield><subfield code="2">gnd-content</subfield></datafield><datafield ind1=" " ind2="7" tag="655"><subfield code="a">Ausstellung</subfield><subfield code="2">idszbz</subfield></datafield><datafield ind1=" " ind2="7" tag="655"><subfield code="a">Ausstellungskatalog</subfield><subfield code="z">Neuchâtel</subfield><subfield code="y">2001</subfield><subfield code="2">gnd-content</subfield></datafield><datafield ind1=" " ind2=" " tag="690"><subfield code="a">Schweiz</subfield><subfield code="x">Plakat</subfield><subfield code="x">20.Jh.</subfield><subfield code="2">nebis-E4</subfield></datafield><datafield ind1=" " ind2=" " tag="690"><subfield code="a">Neuchâtel</subfield><subfield code="x">Ausstellung</subfield><subfield code="x">Hôtel de Ville (Neuchâtel)</subfield><subfield code="2">nebis-E4</subfield></datafield><datafield ind1="1" ind2=" " tag="700"><subfield code="a">Schlup, Michel</subfield><subfield code="d">1948-....</subfield><subfield code="0">(IDREF)028444582</subfield></datafield><datafield ind1="1" ind2=" " tag="700"><subfield code="a">Giroud, Jean-Charles</subfield><subfield code="d">1952-</subfield><subfield code="0">(DE-588)1076593038</subfield><subfield code="6">880-02</subfield></datafield><datafield ind1="1" ind2=" " tag="880"><subfield code="6">700-02</subfield><subfield code="a">Giroud, Jean-Charles</subfield><subfield code="d">1952-....</subfield><subfield code="0">(IDREF)035166029</subfield></datafield><datafield ind1="2" ind2=" " tag="710"><subfield code="a">Hôtel de Ville</subfield><subfield code="g">Neuchâtel</subfield><subfield code="0">(DE-588)108753268X</subfield></datafield><datafield ind1=" " ind2=" " tag="900"><subfield code="a">REROnoselfmerge</subfield></datafield><datafield ind1=" " ind2=" " tag="900"><subfield code="a">IDSZ2zbzmon200303l</subfield><subfield code="c">IDSZ2sage</subfield><subfield code="d">IDSZ2zbzswk200305b</subfield><subfield code="e">IDSZ2kotr</subfield></datafield><datafield ind1=" " ind2=" " tag="993"><subfield code="a">BFLB 26748</subfield><subfield code="x">ge/ulha/d/07/0423</subfield><subfield code="9">LOCAL</subfield></datafield></record>
</metadata></record>