<record><header><identifier>oai:alma.41SLSP_UGE:991000815719705502</identifier><datestamp>2023-03-01T01:10:25Z</datestamp><setSpec>uge_bcen_RapidILL_BOOK</setSpec><setSpec>uge_aaca_RapidILL_BOOK</setSpec><setSpec>uge_abels_RapidILL_BOOK</setSpec><setSpec>uge_dbu_RapidILL_BOOK</setSpec><setSpec>uge_cmu_RapidILL_BOOK</setSpec><setSpec>uge_mail_RapidILL_BOOK</setSpec><setSpec>UNIGE_ALL</setSpec><setSpec>uge_abbat_RapidILL_BOOK</setSpec><setSpec>uge_aobs_RapidILL_BOOK</setSpec><setSpec>uge_acar_RapidILL_BOOK</setSpec></header><metadata>
<record xmlns="http://www.loc.gov/MARC21/slim" xmlns:xsi="http://www.w3.org/2001/XMLSchema-instance" xsi:schemaLocation="http://www.loc.gov/MARC21/slim http://www.loc.gov/standards/marcxml/schema/MARC21slim.xsd"><leader>01384nam a2200361 c 4500</leader><controlfield tag="001">991000815719705502</controlfield><controlfield tag="005">20230207222307.0</controlfield><controlfield tag="008">201011s1973    fr ||||| |||| 00| ||fre d</controlfield><datafield ind1="7" ind2=" " tag="024"><subfield code="a">http://catalogue.bnf.fr/ark:/12148/cb351901607</subfield><subfield code="2">uri</subfield></datafield><datafield ind1=" " ind2=" " tag="035"><subfield code="a">(swissbib)231098588-41slsp_network</subfield></datafield><datafield ind1=" " ind2=" " tag="035"><subfield code="a">231098588</subfield><subfield code="9">ExL</subfield></datafield><datafield ind1=" " ind2=" " tag="035"><subfield code="a">(RERO)0143476-41slsp</subfield></datafield><datafield ind1=" " ind2=" " tag="035"><subfield code="a">(NEBIS)000695545EBI01</subfield></datafield><datafield ind1=" " ind2=" " tag="035"><subfield code="a">(EXLNZ-41SLSP_NETWORK)991077320599705501</subfield></datafield><datafield ind1=" " ind2=" " tag="040"><subfield code="a">RERO</subfield><subfield code="d">CH-ZuSLS</subfield></datafield><datafield ind1=" " ind2="7" tag="072"><subfield code="a">ma</subfield><subfield code="2">rero</subfield></datafield><datafield ind1="1" ind2=" " tag="100"><subfield code="a">Bruter, Claude Paul</subfield><subfield code="0">(RERO)A003051845</subfield><subfield code="4">cre</subfield><subfield code="6">880-01</subfield></datafield><datafield ind1="1" ind2=" " tag="880"><subfield code="a">Bruter, Claude Paul</subfield><subfield code="d">1937-</subfield><subfield code="0">(DE-588)1089582404</subfield><subfield code="6">100-01</subfield></datafield><datafield ind1="1" ind2="0" tag="245"><subfield code="a">Sur la nature des mathématiques</subfield><subfield code="c">C.P. Bruter</subfield></datafield><datafield ind1=" " ind2="1" tag="264"><subfield code="a">Paris</subfield><subfield code="a">Bruxelles</subfield><subfield code="b">Gauthier-Villars</subfield><subfield code="c">1973</subfield></datafield><datafield ind1=" " ind2=" " tag="300"><subfield code="a">X, 132 p.</subfield><subfield code="b">fig.</subfield><subfield code="c">21 cm</subfield></datafield><datafield ind1=" " ind2=" " tag="336"><subfield code="b">txt</subfield><subfield code="2">rdacontent</subfield></datafield><datafield ind1=" " ind2=" " tag="337"><subfield code="b">n</subfield><subfield code="2">rdamedia</subfield></datafield><datafield ind1=" " ind2=" " tag="338"><subfield code="b">nc</subfield><subfield code="2">rdacarrier</subfield></datafield><datafield ind1="1" ind2=" " tag="490"><subfield code="a">Discours de la méthode</subfield></datafield><datafield ind1=" " ind2=" " tag="500"><subfield code="a">La p. de couv. porte: Claude Paul Bruter</subfield></datafield><datafield ind1=" " ind2="7" tag="650"><subfield code="a">Mathématiques</subfield><subfield code="0">(IDREF)02723875X</subfield><subfield code="2">idref</subfield></datafield><datafield ind1=" " ind2="7" tag="650"><subfield code="a">Épistémologie</subfield><subfield code="0">(IDREF)027257606</subfield><subfield code="2">idref</subfield></datafield><datafield ind1=" " ind2="7" tag="650"><subfield code="a">GRUNDSÄTZLICHE UND ALLGEMEINE BETRACHTUNGEN DER MATHEMATIK</subfield><subfield code="9">ger</subfield><subfield code="0">(ETHUDK)000012475</subfield><subfield code="2">ethudk</subfield></datafield><datafield ind1=" " ind2="7" tag="650"><subfield code="a">MATROIDE (KOMBINATORIK)</subfield><subfield code="9">ger</subfield><subfield code="0">(ETHUDK)000041720</subfield><subfield code="2">ethudk</subfield></datafield><datafield ind1=" " ind2="7" tag="650"><subfield code="a">PHILOSOPHIE DER MATHEMATIK</subfield><subfield code="9">ger</subfield><subfield code="0">(ETHUDK)000012477</subfield><subfield code="2">ethudk</subfield></datafield><datafield ind1=" " ind2="0" tag="830"><subfield code="a">Discours de la méthode</subfield></datafield><datafield ind1=" " ind2=" " tag="900"><subfield code="a">REROnoselfmerge</subfield></datafield><datafield ind1=" " ind2=" " tag="900"><subfield code="f">IDSU2medea</subfield></datafield></record>
</metadata></record>