<record><header><identifier>oai:alma.41SLSP_UGE:991000815929705502</identifier><datestamp>2023-03-01T01:10:25Z</datestamp><setSpec>uge_bcen_RapidILL_BOOK</setSpec><setSpec>uge_aaca_RapidILL_BOOK</setSpec><setSpec>uge_abels_RapidILL_BOOK</setSpec><setSpec>uge_dbu_RapidILL_BOOK</setSpec><setSpec>uge_cmu_RapidILL_BOOK</setSpec><setSpec>uge_mail_RapidILL_BOOK</setSpec><setSpec>UNIGE_ALL</setSpec><setSpec>uge_abbat_RapidILL_BOOK</setSpec><setSpec>uge_acar_RapidILL_BOOK</setSpec><setSpec>uge_aobs_RapidILL_BOOK</setSpec></header><metadata>
<record xmlns="http://www.loc.gov/MARC21/slim" xmlns:xsi="http://www.w3.org/2001/XMLSchema-instance" xsi:schemaLocation="http://www.loc.gov/MARC21/slim http://www.loc.gov/standards/marcxml/schema/MARC21slim.xsd"><leader>02686nam a2200517 c 4500</leader><controlfield tag="001">991000815929705502</controlfield><controlfield tag="005">20230130190634.0</controlfield><controlfield tag="008">961202m19621989gw ||||| |||| 00| ||ger d</controlfield><datafield ind1=" " ind2=" " tag="020"><subfield code="a">3531098764</subfield><subfield code="q">Teil 1, Bd. 4</subfield></datafield><datafield ind1=" " ind2=" " tag="020"><subfield code="a">3531098411</subfield><subfield code="q">Teil 2, A</subfield></datafield><datafield ind1=" " ind2=" " tag="020"><subfield code="a">3531098438</subfield><subfield code="q">Teil 2, B</subfield></datafield><datafield ind1=" " ind2=" " tag="020"><subfield code="a">3531098748</subfield><subfield code="q">Teil 2, C/1</subfield></datafield><datafield ind1=" " ind2=" " tag="020"><subfield code="a">353109842X</subfield><subfield code="q">Teil 2, C/2</subfield></datafield><datafield ind1=" " ind2=" " tag="020"><subfield code="a">3531098446</subfield><subfield code="q">Teil 2, D</subfield></datafield><datafield ind1=" " ind2=" " tag="020"><subfield code="a">353109873X</subfield><subfield code="q">Beiheft 1</subfield></datafield><datafield ind1=" " ind2=" " tag="020"><subfield code="a">3531098756</subfield><subfield code="q">Teil 1, Bd. 3</subfield></datafield><datafield ind1=" " ind2=" " tag="035"><subfield code="a">(swissbib)077554574-41slsp_network</subfield></datafield><datafield ind1=" " ind2=" " tag="035"><subfield code="a">077554574</subfield><subfield code="9">ExL</subfield></datafield><datafield ind1=" " ind2=" " tag="035"><subfield code="a">(RERO)0191261-41slsp</subfield></datafield><datafield ind1=" " ind2=" " tag="035"><subfield code="a">(EXLNZ-41SLSP_NETWORK)991148875479705501</subfield></datafield><datafield ind1=" " ind2=" " tag="040"><subfield code="a">RERO</subfield><subfield code="d">CH-ZuSLS</subfield></datafield><datafield ind1=" " ind2="7" tag="072"><subfield code="a">lg</subfield><subfield code="2">rero</subfield></datafield><datafield ind1="1" ind2=" " tag="100"><subfield code="a">Gipper, Helmut</subfield><subfield code="0">(RERO)A003298660</subfield><subfield code="4">aut</subfield></datafield><datafield ind1="1" ind2="0" tag="245"><subfield code="a">Bibliographisches Handbuch zur Sprachinhaltsforschung</subfield><subfield code="c">von Helmut Gipper und Hans Schwarz</subfield></datafield><datafield ind1=" " ind2="1" tag="264"><subfield code="a">Köln</subfield><subfield code="a">Opladen</subfield><subfield code="b">Westdeutscher Verlag</subfield><subfield code="c">1962-1989</subfield></datafield><datafield ind1=" " ind2=" " tag="300"><subfield code="a">8 tomes en 15 vol.</subfield><subfield code="c">25 cm</subfield></datafield><datafield ind1=" " ind2=" " tag="336"><subfield code="b">txt</subfield><subfield code="2">rdacontent</subfield></datafield><datafield ind1=" " ind2=" " tag="337"><subfield code="b">n</subfield><subfield code="2">rdamedia</subfield></datafield><datafield ind1=" " ind2=" " tag="338"><subfield code="b">nc</subfield><subfield code="2">rdacarrier</subfield></datafield><datafield ind1="1" ind2=" " tag="490"><subfield code="a">Wissenschaftliche Abhandlungen der Arbeitsgemeinschaft für Forschung des Landes Nordrhein-Westfalen</subfield><subfield code="v">Bd. 16 a</subfield></datafield><datafield ind1="0" ind2="0" tag="505"><subfield code="g">Teil 1, Bd. 1:</subfield><subfield code="t">Buchstabe : A-G. - 1962-1966. - CCVII, 773 p.</subfield></datafield><datafield ind1="0" ind2="0" tag="505"><subfield code="g">Teil 1, Bd. 2:</subfield><subfield code="t">Buchstabe : H-K. - 1962-1972. - p. 775-1902</subfield></datafield><datafield ind1="0" ind2="0" tag="505"><subfield code="g">Teil 1, Bd. 3:</subfield><subfield code="t">Buchstabe : L-Moll. - 1974-1980. - P. 1903-2926</subfield></datafield><datafield ind1="0" ind2="0" tag="505"><subfield code="g">Teil 1, Bd. 4: Molland-Zylka</subfield><subfield code="t">1981-1984. - P. 2927-4038</subfield></datafield><datafield ind1="0" ind2="0" tag="505"><subfield code="g">Teil 2, Systematischer Teil (Register), A. Spezifizierendes Namenregister.</subfield><subfield code="t">1986. - 168 p.</subfield></datafield><datafield ind1="0" ind2="0" tag="505"><subfield code="g">Teil 2, Systematischer Teil (Register), B. Ordnung nach Sinnbezirken</subfield><subfield code="t">1989. - XVI, 305 p.</subfield></datafield><datafield ind1="0" ind2="0" tag="505"><subfield code="g">Teil 2, Systematischer Teil (Register), C (= Beiheft 2). Alphabetischer Sach- und Fragenweiser. 1. Hälfte</subfield><subfield code="t">1980. - XVI, 185 p.</subfield></datafield><datafield ind1="0" ind2="0" tag="505"><subfield code="g">Teil 2, Systematischer Teil (Register), C. Alphabetischer Sach- und Fragenweiser. 2.Hälfte</subfield><subfield code="t">1988. - P. 189-327</subfield></datafield><datafield ind1="0" ind2="0" tag="505"><subfield code="g">Teil 2, Systematischer Teil (Register), D. Wörterbuch und Wortschatzsammlungen...-</subfield><subfield code="t">1989. - 48 p.</subfield></datafield><datafield ind1="0" ind2="0" tag="505"><subfield code="g">[A] , Beiheft 1 :</subfield><subfield code="t">Proberegister (zu Teil I, Bd. 1-2, A-K) : Auswahl aus der Ordnung nach Sinnbezirken und dem Namenregister nebst Sprachenverzeichnis und Anhang. - 1974. - 81 p.</subfield></datafield><datafield ind1=" " ind2="7" tag="650"><subfield code="a">Linguistique</subfield><subfield code="0">(IDREF)027236005</subfield><subfield code="2">idref</subfield></datafield><datafield ind1=" " ind2="7" tag="650"><subfield code="a">Langues</subfield><subfield code="0">(IDREF)027582639</subfield><subfield code="2">idref</subfield></datafield><datafield ind1=" " ind2="7" tag="650"><subfield code="a">Langage</subfield><subfield code="0">(IDREF)028625714</subfield><subfield code="2">idref</subfield></datafield><datafield ind1=" " ind2="7" tag="655"><subfield code="a">Bibliographie</subfield><subfield code="0">(IDREF)027229386</subfield><subfield code="2">idref</subfield></datafield><datafield ind1="1" ind2=" " tag="700"><subfield code="a">Schwarz, Hans</subfield><subfield code="c">linguiste</subfield><subfield code="d">1923-....</subfield><subfield code="0">(IDREF)028444639</subfield><subfield code="4">aut</subfield></datafield><datafield ind1=" " ind2=" " tag="830"><subfield code="a">Wissenschaftliche Abhandlungen der Arbeitsgemeinschaft für Forschung des Landes Nordrhein-Westfalen</subfield><subfield code="v">16</subfield><subfield code="w">(RERO)0019964-41slsp</subfield></datafield><datafield ind1=" " ind2=" " tag="900"><subfield code="a">REROnoselfmerge</subfield></datafield></record>
</metadata></record>