<record><header><identifier>oai:alma.41SLSP_UGE:991000815959705502</identifier><datestamp>2024-07-17T04:14:57Z</datestamp><setSpec>uge_bcen_RapidILL_BOOK</setSpec><setSpec>uge_aaca_RapidILL_BOOK</setSpec><setSpec>uge_abels_RapidILL_BOOK</setSpec><setSpec>uge_dbu_RapidILL_BOOK</setSpec><setSpec>uge_cmu_RapidILL_BOOK</setSpec><setSpec>uge_mail_RapidILL_BOOK</setSpec><setSpec>uge_abbat_RapidILL_BOOK</setSpec><setSpec>UNIGE_ALL</setSpec><setSpec>uge_aobs_RapidILL_BOOK</setSpec><setSpec>uge_acar_RapidILL_BOOK</setSpec></header><metadata>
<record xmlns="http://www.loc.gov/MARC21/slim" xmlns:xsi="http://www.w3.org/2001/XMLSchema-instance" xsi:schemaLocation="http://www.loc.gov/MARC21/slim http://www.loc.gov/standards/marcxml/schema/MARC21slim.xsd"><leader>02892nam a2200733 c 4500</leader><controlfield tag="001">991000815959705502</controlfield><controlfield tag="005">20231027085738.0</controlfield><controlfield tag="008">201012s1986    fr ||||| |||| 00| ||fre d</controlfield><datafield ind1=" " ind2=" " tag="020"><subfield code="a">271860302X</subfield></datafield><datafield ind1="7" ind2=" " tag="024"><subfield code="a">http://catalogue.bnf.fr/ark:/12148/cb34873771x</subfield><subfield code="2">uri</subfield></datafield><datafield ind1=" " ind2=" " tag="035"><subfield code="a">(swissbib)238096270-41slsp_network</subfield></datafield><datafield ind1=" " ind2=" " tag="035"><subfield code="a">238096270</subfield><subfield code="9">ExL</subfield></datafield><datafield ind1=" " ind2=" " tag="035"><subfield code="a">(RERO)0734573-41slsp</subfield></datafield><datafield ind1=" " ind2=" " tag="035"><subfield code="a">(NEBIS)008853033EBI01</subfield></datafield><datafield ind1=" " ind2=" " tag="035"><subfield code="a">(NEBIS)003038530EBI01</subfield></datafield><datafield ind1=" " ind2=" " tag="035"><subfield code="a">(IDSLU)000024989ILU01</subfield></datafield><datafield ind1=" " ind2=" " tag="035"><subfield code="a">(IDSBB)000236278DSV01</subfield></datafield><datafield ind1=" " ind2=" " tag="035"><subfield code="a">(EXLNZ-41SLSP_NETWORK)991145026429705501</subfield></datafield><datafield ind1=" " ind2=" " tag="040"><subfield code="a">RERO geulfr</subfield><subfield code="d">CH-ZuSLS</subfield></datafield><datafield ind1=" " ind2="7" tag="072"><subfield code="a">fr</subfield><subfield code="2">rero</subfield></datafield><datafield ind1=" " ind2="7" tag="072"><subfield code="a">550</subfield><subfield code="2">IDS LU</subfield></datafield><datafield ind1=" " ind2="7" tag="072"><subfield code="a">fr</subfield><subfield code="2">SzZuIDS BS/BE</subfield></datafield><datafield ind1="0" ind2="0" tag="082"><subfield code="a">841.914</subfield></datafield><datafield ind1="0" ind2="4" tag="082"><subfield code="a">841 .914</subfield><subfield code="a">B</subfield><subfield code="2">19</subfield></datafield><datafield ind1="1" ind2="4" tag="082"><subfield code="a">840.914</subfield><subfield code="2">9a</subfield></datafield><datafield ind1=" " ind2=" " tag="084"><subfield code="a">IH 23480</subfield><subfield code="2">rvk</subfield></datafield><datafield ind1=" " ind2=" " tag="084"><subfield code="a">IH 36320</subfield><subfield code="2">rvk</subfield></datafield><datafield ind1="1" ind2=" " tag="100"><subfield code="6">880-01</subfield><subfield code="a">Dotremont, Christian</subfield><subfield code="0">(RERO)A003188434</subfield><subfield code="4">cre</subfield></datafield><datafield ind1="1" ind2=" " tag="880"><subfield code="6">100-01</subfield><subfield code="a">Dotremont, Christian</subfield><subfield code="d">1922-1979</subfield><subfield code="0">(DE-588)121126773</subfield></datafield><datafield ind1="1" ind2="0" tag="245"><subfield code="a">Cartes et lettres</subfield><subfield code="b">correspondance 1966-1979</subfield><subfield code="c">Christian Dotremont, Michel Butor ; établie et annotée par Michel Sicard ; préf. de Pierre Alechinsky</subfield></datafield><datafield ind1=" " ind2="1" tag="264"><subfield code="a">Paris</subfield><subfield code="b">Galilée</subfield><subfield code="c">1986</subfield></datafield><datafield ind1=" " ind2=" " tag="300"><subfield code="a">253 p.</subfield><subfield code="b">ill.</subfield><subfield code="c">24 cm</subfield></datafield><datafield ind1=" " ind2=" " tag="336"><subfield code="b">txt</subfield><subfield code="2">rdacontent</subfield></datafield><datafield ind1=" " ind2=" " tag="337"><subfield code="b">n</subfield><subfield code="2">rdamedia</subfield></datafield><datafield ind1=" " ind2=" " tag="338"><subfield code="b">nc</subfield><subfield code="2">rdacarrier</subfield></datafield><datafield ind1="0" ind2=" " tag="490"><subfield code="a">Ecritures/Figures</subfield></datafield><datafield ind1="0" ind2=" " tag="490"><subfield code="a">Ecritures, figures</subfield></datafield><datafield ind1="1" ind2="7" tag="600"><subfield code="a">Butor, Michel</subfield><subfield code="d">1926-2016</subfield><subfield code="0">(IDREF)026760525</subfield><subfield code="2">idref</subfield></datafield><datafield ind1="1" ind2="7" tag="600"><subfield code="a">Dotremont, Christian</subfield><subfield code="d">1922-1979</subfield><subfield code="0">(IDREF)026835754</subfield><subfield code="2">idref</subfield></datafield><datafield ind1="1" ind2="7" tag="600"><subfield code="a">Butor, Michel</subfield><subfield code="d">1926-2016</subfield><subfield code="0">(DE-588)118518135</subfield><subfield code="2">gnd</subfield></datafield><datafield ind1="1" ind2="7" tag="600"><subfield code="a">Dotremont, Christian</subfield><subfield code="d">1922-1979</subfield><subfield code="0">(DE-588)121126773</subfield><subfield code="2">gnd</subfield></datafield><datafield ind1="1" ind2="0" tag="600"><subfield code="a">Butor, Michel</subfield><subfield code="d">1926-</subfield><subfield code="x">Correspondance</subfield></datafield><datafield ind1="1" ind2="0" tag="600"><subfield code="a">Butor, Michel</subfield><subfield code="v">Correspondence</subfield></datafield><datafield ind1="1" ind2="0" tag="600"><subfield code="a">Butor, Michel</subfield><subfield code="x">Correspondence</subfield></datafield><datafield ind1="1" ind2="0" tag="600"><subfield code="a">Dotremont, Christian</subfield><subfield code="d">1922-1979</subfield><subfield code="v">Correspondence</subfield></datafield><datafield ind1="1" ind2="0" tag="600"><subfield code="a">Dotremont, Christian</subfield><subfield code="d">1922-1979</subfield><subfield code="x">Correspondence</subfield></datafield><datafield ind1=" " ind2="0" tag="650"><subfield code="a">Artists</subfield><subfield code="z">Belgium</subfield><subfield code="v">Correspondence</subfield></datafield><datafield ind1=" " ind2="0" tag="650"><subfield code="a">Artists</subfield><subfield code="z">Belgium</subfield><subfield code="x">Correspondence</subfield></datafield><datafield ind1=" " ind2="0" tag="650"><subfield code="a">Authors, Belgian</subfield><subfield code="y">20th century</subfield><subfield code="v">Correspondence</subfield></datafield><datafield ind1=" " ind2="0" tag="650"><subfield code="a">Authors, Belgian</subfield><subfield code="y">20th century</subfield><subfield code="x">Correspondence</subfield></datafield><datafield ind1=" " ind2="0" tag="650"><subfield code="a">Authors, French</subfield><subfield code="y">20th century</subfield><subfield code="v">Correspondence</subfield></datafield><datafield ind1=" " ind2="0" tag="650"><subfield code="a">Authors, French</subfield><subfield code="y">20th century</subfield><subfield code="x">Correspondence</subfield></datafield><datafield ind1=" " ind2="7" tag="655"><subfield code="a">Correspondance</subfield><subfield code="0">(IDREF)027490122</subfield><subfield code="2">idref</subfield></datafield><datafield ind1=" " ind2="7" tag="655"><subfield code="a">Briefsammlung</subfield><subfield code="y">1966-1979</subfield><subfield code="2">gnd-content</subfield></datafield><datafield ind1=" " ind2=" " tag="690"><subfield code="a">Butor, Michel</subfield><subfield code="2">uzb-Z9</subfield></datafield><datafield ind1=" " ind2=" " tag="690"><subfield code="a">Dotremont, Christian</subfield><subfield code="2">uzb-Z9</subfield></datafield><datafield ind1=" " ind2=" " tag="690"><subfield code="a">Briefe Sammlung, B: Dotremont, Christian &amp; Butor, M.</subfield><subfield code="2">rzs-L1</subfield></datafield><datafield ind1=" " ind2=" " tag="690"><subfield code="a">Briefe Sammlung, B: Butor, Michel &amp; Dotremont, C.</subfield><subfield code="2">rzs-L1</subfield></datafield><datafield ind1="1" ind2=" " tag="700"><subfield code="a">Alechinsky, Pierre</subfield><subfield code="d">1927-</subfield><subfield code="0">(DE-588)11864792X</subfield></datafield><datafield ind1="1" ind2=" " tag="700"><subfield code="a">Butor, Michel</subfield><subfield code="d">1926-2016</subfield><subfield code="6">880-02</subfield><subfield code="0">(DE-588)118518135</subfield></datafield><datafield ind1="1" ind2=" " tag="880"><subfield code="6">700-02</subfield><subfield code="a">Butor, Michel</subfield><subfield code="d">1926-2016</subfield><subfield code="0">(IDREF)026760525</subfield></datafield><datafield ind1="1" ind2=" " tag="700"><subfield code="a">Sicard, Michel</subfield><subfield code="0">(RERO)A003829310</subfield></datafield><datafield ind1=" " ind2=" " tag="900"><subfield code="a">REROnoselfmerge</subfield></datafield><datafield ind1=" " ind2=" " tag="900"><subfield code="f">IDSU2medea</subfield></datafield><datafield ind1=" " ind2=" " tag="900"><subfield code="a">IDSZRMedeaZBZ</subfield></datafield></record>
</metadata></record>