<record><header><identifier>oai:alma.41SLSP_UGE:991000816169705502</identifier><datestamp>2023-09-07T00:42:27Z</datestamp><setSpec>uge_bcen_RapidILL_BOOK</setSpec><setSpec>uge_aaca_RapidILL_BOOK</setSpec><setSpec>uge_abels_RapidILL_BOOK</setSpec><setSpec>uge_dbu_RapidILL_BOOK</setSpec><setSpec>uge_cmu_RapidILL_BOOK</setSpec><setSpec>uge_mail_RapidILL_BOOK</setSpec><setSpec>uge_abbat_RapidILL_BOOK</setSpec><setSpec>UNIGE_ALL</setSpec><setSpec>uge_acar_RapidILL_BOOK</setSpec><setSpec>uge_aobs_RapidILL_BOOK</setSpec></header><metadata>
<record xmlns="http://www.loc.gov/MARC21/slim" xmlns:xsi="http://www.w3.org/2001/XMLSchema-instance" xsi:schemaLocation="http://www.loc.gov/MARC21/slim http://www.loc.gov/standards/marcxml/schema/MARC21slim.xsd"><leader>01378nam a2200337 c 4500</leader><controlfield tag="001">991000816169705502</controlfield><controlfield tag="005">20230326204235.0</controlfield><controlfield tag="008">201012s1976    fr ||||| |||| 00| ||fre d</controlfield><datafield ind1="7" ind2=" " tag="024"><subfield code="a">http://catalogue.bnf.fr/ark:/12148/cb34709346f</subfield><subfield code="2">uri</subfield></datafield><datafield ind1=" " ind2=" " tag="035"><subfield code="a">(swissbib)241684072-41slsp_network</subfield></datafield><datafield ind1=" " ind2=" " tag="035"><subfield code="a">241684072</subfield><subfield code="9">ExL</subfield></datafield><datafield ind1=" " ind2=" " tag="035"><subfield code="a">(RERO)0531351-41slsp</subfield></datafield><datafield ind1=" " ind2=" " tag="035"><subfield code="a">(IDSBB)003712479DSV01</subfield></datafield><datafield ind1=" " ind2=" " tag="035"><subfield code="a">(EXLNZ-41SLSP_NETWORK)991116950719705501</subfield></datafield><datafield ind1=" " ind2=" " tag="040"><subfield code="a">RERO</subfield><subfield code="d">CH-ZuSLS</subfield></datafield><datafield ind1=" " ind2="7" tag="072"><subfield code="a">ar</subfield><subfield code="2">rero</subfield></datafield><datafield ind1="0" ind2="0" tag="245"><subfield code="a">&lt;&lt;Les&gt;&gt; âges des métaux dans les Alpes</subfield><subfield code="c">dir.: Aimé Bocquet</subfield></datafield><datafield ind1=" " ind2="1" tag="264"><subfield code="a">Nice</subfield><subfield code="b">Univ. de Nice</subfield><subfield code="c">1976</subfield></datafield><datafield ind1=" " ind2=" " tag="300"><subfield code="a">168 p.</subfield><subfield code="b">ill.</subfield><subfield code="c">25 cm</subfield></datafield><datafield ind1=" " ind2=" " tag="336"><subfield code="b">txt</subfield><subfield code="2">rdacontent</subfield></datafield><datafield ind1=" " ind2=" " tag="337"><subfield code="b">n</subfield><subfield code="2">rdamedia</subfield></datafield><datafield ind1=" " ind2=" " tag="338"><subfield code="b">nc</subfield><subfield code="2">rdacarrier</subfield></datafield><datafield ind1="1" ind2=" " tag="490"><subfield code="a">IX. Congrès de Union internationale des sciences préhistoriques et protohistoriques, UISPP, Nice 1976</subfield><subfield code="v">Colloque 26</subfield></datafield><datafield ind1=" " ind2="7" tag="650"><subfield code="a">Protohistoire</subfield><subfield code="0">(IDREF)027726037</subfield><subfield code="2">idref</subfield></datafield><datafield ind1=" " ind2="4" tag="650"><subfield code="a">Bronzezeit</subfield></datafield><datafield ind1=" " ind2="7" tag="651"><subfield code="a">Alpes</subfield><subfield code="0">(IDREF)027259285</subfield><subfield code="2">idref</subfield></datafield><datafield ind1=" " ind2="4" tag="651"><subfield code="a">Alpen</subfield></datafield><datafield ind1=" " ind2="7" tag="655"><subfield code="a">Actes de congrès</subfield><subfield code="0">(IDREF)02886431X</subfield><subfield code="2">idref</subfield></datafield><datafield ind1="1" ind2=" " tag="700"><subfield code="a">Bocquet, Aimé</subfield><subfield code="c">auteur en sciences</subfield><subfield code="d">1929-2017</subfield><subfield code="0">(IDREF)033833699</subfield></datafield><datafield ind1="2" ind2=" " tag="710"><subfield code="a">Union internationale des sciences préhistoriques et protohistoriques</subfield><subfield code="b">Congrès</subfield><subfield code="n">9</subfield><subfield code="d">1976</subfield><subfield code="c">Nice</subfield><subfield code="0">(RERO)A012357294</subfield></datafield><datafield ind1=" " ind2=" " tag="830"><subfield code="a">IX. Congrès de Union internationale des sciences préhistoriques et protohistoriques, UISPP, Nice 1976</subfield><subfield code="v">26</subfield><subfield code="w">(IDSBB)003606066DSV01</subfield></datafield><datafield ind1=" " ind2=" " tag="900"><subfield code="a">REROnoselfmerge</subfield></datafield></record>
</metadata></record>