<record><header><identifier>oai:alma.41SLSP_UGE:991000816689705502</identifier><datestamp>2023-03-21T01:13:44Z</datestamp><setSpec>uge_bcen_RapidILL_BOOK</setSpec><setSpec>uge_aaca_RapidILL_BOOK</setSpec><setSpec>uge_abels_RapidILL_BOOK</setSpec><setSpec>uge_dbu_RapidILL_BOOK</setSpec><setSpec>uge_cmu_RapidILL_BOOK</setSpec><setSpec>uge_mail_RapidILL_BOOK</setSpec><setSpec>uge_abbat_RapidILL_BOOK</setSpec><setSpec>UNIGE_ALL</setSpec><setSpec>uge_aobs_RapidILL_BOOK</setSpec><setSpec>uge_acar_RapidILL_BOOK</setSpec></header><metadata>
<record xmlns="http://www.loc.gov/MARC21/slim" xmlns:xsi="http://www.w3.org/2001/XMLSchema-instance" xsi:schemaLocation="http://www.loc.gov/MARC21/slim http://www.loc.gov/standards/marcxml/schema/MARC21slim.xsd"><leader>01987nam a2200517 c 4500</leader><controlfield tag="001">991000816689705502</controlfield><controlfield tag="005">20230320214402.0</controlfield><controlfield tag="008">201011s2003    fr ||||| |||| 00| ||fre d</controlfield><datafield ind1=" " ind2=" " tag="020"><subfield code="a">2747555011</subfield><subfield code="q">Br.</subfield><subfield code="c">EUR 24.00</subfield></datafield><datafield ind1=" " ind2=" " tag="020"><subfield code="z">2717544095</subfield></datafield><datafield ind1="7" ind2=" " tag="024"><subfield code="a">http://catalogue.bnf.fr/ark:/12148/cb390980054</subfield><subfield code="2">uri</subfield></datafield><datafield ind1=" " ind2=" " tag="035"><subfield code="a">(swissbib)220235678-41slsp_network</subfield></datafield><datafield ind1=" " ind2=" " tag="035"><subfield code="a">220235678</subfield><subfield code="9">ExL</subfield></datafield><datafield ind1=" " ind2=" " tag="035"><subfield code="a">(RERO)R003608653-41slsp</subfield></datafield><datafield ind1=" " ind2=" " tag="035"><subfield code="a">(IDSLU)000358611ILU01</subfield></datafield><datafield ind1=" " ind2=" " tag="035"><subfield code="a">(EXLNZ-41SLSP_NETWORK)991030011239705501</subfield></datafield><datafield ind1=" " ind2=" " tag="040"><subfield code="a">RERO geies-</subfield><subfield code="d">CH-ZuSLS</subfield></datafield><datafield ind1=" " ind2="7" tag="072"><subfield code="a">ss</subfield><subfield code="2">rero</subfield></datafield><datafield ind1=" " ind2="7" tag="072"><subfield code="a">140</subfield><subfield code="2">IDS LU</subfield></datafield><datafield ind1="1" ind2=" " tag="080"><subfield code="a">392.55</subfield></datafield><datafield ind1="1" ind2=" " tag="080"><subfield code="a">392.64</subfield></datafield><datafield ind1=" " ind2=" " tag="084"><subfield code="a">MS 2870</subfield><subfield code="2">rvk</subfield></datafield><datafield ind1="0" ind2="0" tag="245"><subfield code="a">Lesbianisme et féminisme</subfield><subfield code="b">histoires politiques</subfield><subfield code="c">sous la dir. de Natacha Chetcuti et Claire Michard</subfield></datafield><datafield ind1=" " ind2="1" tag="264"><subfield code="a">Paris [etc.]</subfield><subfield code="b">L'Harmattan</subfield><subfield code="c">2003</subfield></datafield><datafield ind1=" " ind2=" " tag="300"><subfield code="a">314 p.</subfield><subfield code="c">22 cm</subfield></datafield><datafield ind1=" " ind2=" " tag="336"><subfield code="b">txt</subfield><subfield code="2">rdacontent</subfield></datafield><datafield ind1=" " ind2=" " tag="337"><subfield code="b">n</subfield><subfield code="2">rdamedia</subfield></datafield><datafield ind1=" " ind2=" " tag="338"><subfield code="b">nc</subfield><subfield code="2">rdacarrier</subfield></datafield><datafield ind1=" " ind2=" " tag="385"><subfield code="a">Spécialistes</subfield><subfield code="2">rero</subfield></datafield><datafield ind1="1" ind2=" " tag="490"><subfield code="a">Bibliothèque du féminisme</subfield></datafield><datafield ind1=" " ind2=" " tag="500"><subfield code="a">Actes du 3ème Colloque international de la recherche féministe francophone à l'Université de Toulouse-Le Mirail, du 17 au 22 septembre 2002</subfield></datafield><datafield ind1=" " ind2=" " tag="504"><subfield code="a">Bibliogr.</subfield></datafield><datafield ind1=" " ind2="7" tag="648"><subfield code="a">Geschichte</subfield><subfield code="2">gnd</subfield></datafield><datafield ind1=" " ind2="7" tag="650"><subfield code="a">Langage</subfield><subfield code="0">(IDREF)028625714</subfield><subfield code="2">idref</subfield></datafield><datafield ind1=" " ind2="7" tag="650"><subfield code="a">politique</subfield><subfield code="0">(RERO)A010009334</subfield><subfield code="2">rerovoc</subfield></datafield><datafield ind1=" " ind2="7" tag="650"><subfield code="a">sexe (genre)</subfield><subfield code="0">(RERO)A010149864</subfield><subfield code="2">rerovoc</subfield></datafield><datafield ind1=" " ind2="7" tag="650"><subfield code="a">Féminisme</subfield><subfield code="0">(IDREF)027320596</subfield><subfield code="2">idref</subfield></datafield><datafield ind1=" " ind2="7" tag="650"><subfield code="a">Lesbianisme</subfield><subfield code="0">(IDREF)027430367</subfield><subfield code="2">idref</subfield></datafield><datafield ind1=" " ind2="7" tag="650"><subfield code="a">Lesbe</subfield><subfield code="0">(DE-588)4035430-1</subfield><subfield code="2">gnd</subfield></datafield><datafield ind1=" " ind2="7" tag="650"><subfield code="a">Feminismus</subfield><subfield code="0">(DE-588)4222126-2</subfield><subfield code="2">gnd</subfield></datafield><datafield ind1=" " ind2="7" tag="650"><subfield code="a">Politische Bewegung</subfield><subfield code="0">(DE-588)4229761-8</subfield><subfield code="2">gnd</subfield></datafield><datafield ind1=" " ind2="7" tag="655"><subfield code="a">Konferenzschrift</subfield><subfield code="z">Toulouse</subfield><subfield code="y">2002</subfield><subfield code="2">gnd-content</subfield></datafield><datafield ind1="1" ind2=" " tag="700"><subfield code="a">Michard, Claire</subfield><subfield code="0">(RERO)A005894771</subfield></datafield><datafield ind1="1" ind2=" " tag="700"><subfield code="a">Chetcuti-Osorovitz, Natacha</subfield><subfield code="d">1970-....</subfield><subfield code="0">(IDREF)076698939</subfield></datafield><datafield ind1="2" ind2=" " tag="711"><subfield code="a">Colloque international de la recherche féministe francophone</subfield><subfield code="0">(DE-588)1091786704</subfield></datafield><datafield ind1=" " ind2=" " tag="830"><subfield code="a">Bibliothèque du féminisme</subfield><subfield code="w">(RERO)2203637-41slsp</subfield></datafield><datafield ind1=" " ind2=" " tag="900"><subfield code="a">REROnoselfmerge</subfield></datafield></record>
</metadata></record>