<record><header><identifier>oai:alma.41SLSP_UGE:991000816379705502</identifier><datestamp>2023-03-01T01:10:25Z</datestamp><setSpec>uge_bcen_RapidILL_BOOK</setSpec><setSpec>uge_aaca_RapidILL_BOOK</setSpec><setSpec>uge_abels_RapidILL_BOOK</setSpec><setSpec>uge_dbu_RapidILL_BOOK</setSpec><setSpec>uge_cmu_RapidILL_BOOK</setSpec><setSpec>uge_mail_RapidILL_BOOK</setSpec><setSpec>UNIGE_ALL</setSpec><setSpec>uge_abbat_RapidILL_BOOK</setSpec><setSpec>uge_aobs_RapidILL_BOOK</setSpec><setSpec>uge_acar_RapidILL_BOOK</setSpec></header><metadata>
<record xmlns="http://www.loc.gov/MARC21/slim" xmlns:xsi="http://www.w3.org/2001/XMLSchema-instance" xsi:schemaLocation="http://www.loc.gov/MARC21/slim http://www.loc.gov/standards/marcxml/schema/MARC21slim.xsd"><leader>00862nam a2200265 c 4500</leader><controlfield tag="001">991000816379705502</controlfield><controlfield tag="005">20211126192544.0</controlfield><controlfield tag="008">000720s1907    gw ||||| |||| 00| ||grc d</controlfield><datafield ind1=" " ind2=" " tag="035"><subfield code="a">(swissbib)089633148-41slsp_network</subfield></datafield><datafield ind1=" " ind2=" " tag="035"><subfield code="a">089633148</subfield><subfield code="9">ExL</subfield></datafield><datafield ind1=" " ind2=" " tag="035"><subfield code="a">(RERO)1976624-41slsp</subfield></datafield><datafield ind1=" " ind2=" " tag="035"><subfield code="a">(EXLNZ-41SLSP_NETWORK)991057452159705501</subfield></datafield><datafield ind1=" " ind2=" " tag="040"><subfield code="a">RERO neubfl</subfield><subfield code="d">CH-ZuSLS</subfield></datafield><datafield ind1=" " ind2="7" tag="072"><subfield code="a">gr</subfield><subfield code="2">rero</subfield></datafield><datafield ind1="0" ind2=" " tag="100"><subfield code="a">Callimaque</subfield><subfield code="d">0305?-0240? av. J.-C.</subfield><subfield code="0">(IDREF)027409546</subfield><subfield code="4">cre</subfield></datafield><datafield ind1="1" ind2="0" tag="245"><subfield code="a">Callimachi Hymni et Epigrammata</subfield></datafield><datafield ind1=" " ind2=" " tag="250"><subfield code="a">3a editit Udalricus de Wilamowitz-Moellendorff</subfield></datafield><datafield ind1=" " ind2="1" tag="264"><subfield code="a">Berolini</subfield><subfield code="b">apud Weidmannos</subfield><subfield code="c">1907</subfield></datafield><datafield ind1=" " ind2=" " tag="300"><subfield code="a">68 p.</subfield><subfield code="c">21 cm</subfield></datafield><datafield ind1=" " ind2=" " tag="336"><subfield code="b">txt</subfield><subfield code="2">rdacontent</subfield></datafield><datafield ind1=" " ind2=" " tag="337"><subfield code="b">n</subfield><subfield code="2">rdamedia</subfield></datafield><datafield ind1=" " ind2=" " tag="338"><subfield code="b">nc</subfield><subfield code="2">rdacarrier</subfield></datafield><datafield ind1=" " ind2=" " tag="500"><subfield code="a">Titre conventionnel: Hymni ; Epigrammata</subfield></datafield><datafield ind1="1" ind2=" " tag="700"><subfield code="a">Wilamowitz-Moellendorff, Ulrich von</subfield><subfield code="d">1848-1931</subfield><subfield code="0">(IDREF)028850564</subfield></datafield><datafield ind1="0" ind2="2" tag="700"><subfield code="a">Callimachus</subfield><subfield code="t">Epigrammata</subfield></datafield><datafield ind1=" " ind2=" " tag="900"><subfield code="a">REROnoselfmerge</subfield></datafield></record>
</metadata></record>