<record><header><identifier>oai:alma.41SLSP_UGE:991000815859705502</identifier><datestamp>2023-04-01T00:12:05Z</datestamp><setSpec>uge_bcen_RapidILL_BOOK</setSpec><setSpec>uge_aaca_RapidILL_BOOK</setSpec><setSpec>uge_abels_RapidILL_BOOK</setSpec><setSpec>uge_dbu_RapidILL_BOOK</setSpec><setSpec>uge_cmu_RapidILL_BOOK</setSpec><setSpec>uge_mail_RapidILL_BOOK</setSpec><setSpec>uge_abbat_RapidILL_BOOK</setSpec><setSpec>UNIGE_ALL</setSpec><setSpec>uge_acar_RapidILL_BOOK</setSpec><setSpec>uge_aobs_RapidILL_BOOK</setSpec></header><metadata>
<record xmlns="http://www.loc.gov/MARC21/slim" xmlns:xsi="http://www.w3.org/2001/XMLSchema-instance" xsi:schemaLocation="http://www.loc.gov/MARC21/slim http://www.loc.gov/standards/marcxml/schema/MARC21slim.xsd"><leader>01646nam a2200349 c 4500</leader><controlfield tag="001">991000815859705502</controlfield><controlfield tag="005">20230331212316.0</controlfield><controlfield tag="008">970619s1996    fr ||||| |||| 10| ||fre d</controlfield><datafield ind1=" " ind2=" " tag="019"><subfield code="a">Notice analytique</subfield><subfield code="5">RERO/geubfd/07.1997</subfield></datafield><datafield ind1=" " ind2=" " tag="020"><subfield code="a">2909604292</subfield></datafield><datafield ind1=" " ind2=" " tag="035"><subfield code="a">(swissbib)092278841-41slsp_network</subfield></datafield><datafield ind1=" " ind2=" " tag="035"><subfield code="a">092278841</subfield><subfield code="9">ExL</subfield></datafield><datafield ind1=" " ind2=" " tag="035"><subfield code="a">(RERO)R215889560-41slsp</subfield></datafield><datafield ind1=" " ind2=" " tag="035"><subfield code="a">(EXLNZ-41SLSP_NETWORK)991039548959705501</subfield></datafield><datafield ind1=" " ind2=" " tag="040"><subfield code="a">RERO geubib</subfield><subfield code="d">CH-ZuSLS</subfield></datafield><datafield ind1=" " ind2="7" tag="072"><subfield code="a">dr</subfield><subfield code="2">rero</subfield></datafield><datafield ind1=" " ind2="7" tag="072"><subfield code="a">se</subfield><subfield code="2">rero</subfield></datafield><datafield ind1=" " ind2=" " tag="084"><subfield code="a">A 52.3 e</subfield><subfield code="2">cjurrom</subfield></datafield><datafield ind1="0" ind2="0" tag="245"><subfield code="a">&lt;&lt;Les&gt;&gt; autoroutes de l'information</subfield><subfield code="b">enjeux et défis : actes du colloque tenu dans le cadre des huitièmes entretiens Centre Jacques Cartier Rhône-Alpes - 5 au 8 décembre 1995</subfield><subfield code="c">sous la dir. de Jacques Frémont et Jean-Paul Ducasse ; Université de Montréal, Centre de recherche en droit public, Faculté de droit</subfield></datafield><datafield ind1=" " ind2="1" tag="264"><subfield code="a">[Villeurbanne]</subfield><subfield code="b">Programme Rhône-Alpes de recherche en sciences humaines</subfield><subfield code="a">[Lyon]</subfield><subfield code="b">Centre Jacques Cartier</subfield><subfield code="c">[1996]</subfield></datafield><datafield ind1=" " ind2="4" tag="264"><subfield code="c">© 1996</subfield></datafield><datafield ind1=" " ind2=" " tag="300"><subfield code="a">X, 289 p.</subfield><subfield code="c">24 cm</subfield></datafield><datafield ind1=" " ind2=" " tag="336"><subfield code="b">txt</subfield><subfield code="2">rdacontent</subfield></datafield><datafield ind1=" " ind2=" " tag="337"><subfield code="b">n</subfield><subfield code="2">rdamedia</subfield></datafield><datafield ind1=" " ind2=" " tag="338"><subfield code="b">nc</subfield><subfield code="2">rdacarrier</subfield></datafield><datafield ind1="1" ind2=" " tag="490"><subfield code="a">Programme Rhône-Alpes. Recherches en sciences humaines</subfield><subfield code="v">39</subfield></datafield><datafield ind1=" " ind2="7" tag="650"><subfield code="a">Autoroutes de l'information</subfield><subfield code="0">(IDREF)03346829X</subfield><subfield code="2">idref</subfield></datafield><datafield ind1=" " ind2="7" tag="655"><subfield code="a">Actes de congrès</subfield><subfield code="0">(IDREF)02886431X</subfield><subfield code="2">idref</subfield></datafield><datafield ind1="1" ind2=" " tag="700"><subfield code="a">Frémont, Jacques</subfield><subfield code="d">19..-....</subfield><subfield code="0">(IDREF)034977562</subfield></datafield><datafield ind1="2" ind2=" " tag="710"><subfield code="a">Centre de recherche en droit public</subfield><subfield code="g">Montréal, Canada</subfield><subfield code="0">(IDREF)030849020</subfield></datafield><datafield ind1="2" ind2=" " tag="710"><subfield code="a">Centre Jacques Cartier</subfield><subfield code="b">Entretiens</subfield><subfield code="n">8</subfield><subfield code="d">1995</subfield><subfield code="c">Lyon</subfield><subfield code="0">(RERO)A012360959</subfield></datafield><datafield ind1=" " ind2=" " tag="830"><subfield code="a">Programme Rhône-Alpes</subfield><subfield code="p">Recherches en sciences humaines</subfield><subfield code="v">39</subfield><subfield code="w">(RERO)1566374-41slsp</subfield></datafield><datafield ind1=" " ind2=" " tag="900"><subfield code="a">REROnoselfmerge</subfield></datafield></record>
</metadata></record>