<record><header><identifier>oai:alma.41SLSP_UGE:991000815759705502</identifier><datestamp>2023-03-28T00:13:03Z</datestamp><setSpec>uge_bcen_RapidILL_BOOK</setSpec><setSpec>uge_aaca_RapidILL_BOOK</setSpec><setSpec>uge_abels_RapidILL_BOOK</setSpec><setSpec>uge_dbu_RapidILL_BOOK</setSpec><setSpec>uge_cmu_RapidILL_BOOK</setSpec><setSpec>uge_mail_RapidILL_BOOK</setSpec><setSpec>uge_abbat_RapidILL_BOOK</setSpec><setSpec>UNIGE_ALL</setSpec><setSpec>uge_acar_RapidILL_BOOK</setSpec><setSpec>uge_aobs_RapidILL_BOOK</setSpec></header><metadata>
<record xmlns="http://www.loc.gov/MARC21/slim" xmlns:xsi="http://www.w3.org/2001/XMLSchema-instance" xsi:schemaLocation="http://www.loc.gov/MARC21/slim http://www.loc.gov/standards/marcxml/schema/MARC21slim.xsd"><leader>01235nam a2200325 c 4500</leader><controlfield tag="001">991000815759705502</controlfield><controlfield tag="005">20230327181132.0</controlfield><controlfield tag="008">130129s1975    xxc||||| |||| 00| ||fre d</controlfield><datafield ind1=" " ind2=" " tag="035"><subfield code="a">(swissbib)116929545-41slsp_network</subfield></datafield><datafield ind1=" " ind2=" " tag="035"><subfield code="a">116929545</subfield><subfield code="9">ExL</subfield></datafield><datafield ind1=" " ind2=" " tag="035"><subfield code="a">(RERO)R007226657-41slsp</subfield></datafield><datafield ind1=" " ind2=" " tag="035"><subfield code="a">(EXLNZ-41SLSP_NETWORK)991060676009705501</subfield></datafield><datafield ind1=" " ind2=" " tag="040"><subfield code="a">DLC</subfield><subfield code="d">CH-ZuSLS</subfield></datafield><datafield ind1=" " ind2="0" tag="050"><subfield code="a">LC5254.2.Q3</subfield><subfield code="b">C68</subfield></datafield><datafield ind1=" " ind2="7" tag="072"><subfield code="a">pe</subfield><subfield code="2">rero</subfield></datafield><datafield ind1="0" ind2="0" tag="082"><subfield code="a">374.9/714</subfield></datafield><datafield ind1="1" ind2=" " tag="100"><subfield code="a">Couillard, Claude</subfield><subfield code="0">(IDREF)074070754</subfield><subfield code="4">cre</subfield></datafield><datafield ind1="1" ind2="0" tag="245"><subfield code="a">&lt;&lt;Le&gt;&gt; temps d'apprendre</subfield><subfield code="c">[Claude Couillard, François Allaire]</subfield></datafield><datafield ind1=" " ind2="1" tag="264"><subfield code="a">Québec</subfield><subfield code="b">Gouvernement du Québec, Ministère de l'éducation, Direction générale de l'éducation des adultes</subfield><subfield code="c">[1975]</subfield></datafield><datafield ind1=" " ind2=" " tag="300"><subfield code="a">83 p.</subfield><subfield code="c">20 cm.</subfield></datafield><datafield ind1=" " ind2=" " tag="336"><subfield code="b">txt</subfield><subfield code="2">rdacontent</subfield></datafield><datafield ind1=" " ind2=" " tag="337"><subfield code="b">n</subfield><subfield code="2">rdamedia</subfield></datafield><datafield ind1=" " ind2=" " tag="338"><subfield code="b">nc</subfield><subfield code="2">rdacarrier</subfield></datafield><datafield ind1=" " ind2="0" tag="650"><subfield code="a">Adult education</subfield><subfield code="z">Québec (Province)</subfield></datafield><datafield ind1=" " ind2="7" tag="650"><subfield code="a">Formateurs (éducation des adultes)</subfield><subfield code="0">(IDREF)027226379</subfield><subfield code="2">idref</subfield></datafield><datafield ind1=" " ind2="7" tag="650"><subfield code="a">Éducation des adultes</subfield><subfield code="0">(IDREF)027288455</subfield><subfield code="2">idref</subfield></datafield><datafield ind1=" " ind2="7" tag="650"><subfield code="a">Pédagogie</subfield><subfield code="0">(IDREF)027246159</subfield><subfield code="2">idref</subfield></datafield><datafield ind1=" " ind2="7" tag="651"><subfield code="a">Québec (Canada ; province)</subfield><subfield code="0">(IDREF)027331180</subfield><subfield code="2">idref</subfield></datafield><datafield ind1="1" ind2=" " tag="700"><subfield code="a">Allaire, François</subfield><subfield code="d">1955-....</subfield><subfield code="0">(IDREF)050125648</subfield></datafield><datafield ind1=" " ind2=" " tag="900"><subfield code="a">REROnoselfmerge</subfield></datafield><datafield ind1=" " ind2=" " tag="910"><subfield code="a">OCoLC</subfield><subfield code="b">20130129</subfield><subfield code="c">Droits réservés</subfield></datafield></record>
</metadata></record>