<record><header><identifier>oai:alma.41SLSP_UGE:991000815969705502</identifier><datestamp>2024-02-26T01:26:01Z</datestamp><setSpec>uge_bcen_RapidILL_BOOK</setSpec><setSpec>uge_aaca_RapidILL_BOOK</setSpec><setSpec>uge_abels_RapidILL_BOOK</setSpec><setSpec>uge_dbu_RapidILL_BOOK</setSpec><setSpec>uge_cmu_RapidILL_BOOK</setSpec><setSpec>uge_mail_RapidILL_BOOK</setSpec><setSpec>uge_abbat_RapidILL_BOOK</setSpec><setSpec>UNIGE_ALL</setSpec><setSpec>uge_aobs_RapidILL_BOOK</setSpec><setSpec>uge_acar_RapidILL_BOOK</setSpec></header><metadata>
<record xmlns="http://www.loc.gov/MARC21/slim" xmlns:xsi="http://www.w3.org/2001/XMLSchema-instance" xsi:schemaLocation="http://www.loc.gov/MARC21/slim http://www.loc.gov/standards/marcxml/schema/MARC21slim.xsd"><leader>01852nam a2200445 c 4500</leader><controlfield tag="001">991000815969705502</controlfield><controlfield tag="005">20230216203105.0</controlfield><controlfield tag="008">201011s1996    xxu||||| |||| 00| ||eng d</controlfield><datafield ind1=" " ind2=" " tag="020"><subfield code="a">1557866163</subfield></datafield><datafield ind1=" " ind2=" " tag="020"><subfield code="a">1557866171</subfield><subfield code="q">pbk.</subfield></datafield><datafield ind1=" " ind2=" " tag="035"><subfield code="a">(swissbib)228068037-41slsp_network</subfield></datafield><datafield ind1=" " ind2=" " tag="035"><subfield code="a">228068037</subfield><subfield code="9">ExL</subfield></datafield><datafield ind1=" " ind2=" " tag="035"><subfield code="a">(RERO)R212131660-41slsp</subfield></datafield><datafield ind1=" " ind2=" " tag="035"><subfield code="a">(IDSSG)000751992HSB01</subfield></datafield><datafield ind1=" " ind2=" " tag="035"><subfield code="a">(SBT)000100783SBT01</subfield></datafield><datafield ind1=" " ind2=" " tag="035"><subfield code="a">(IDSBB)005874758DSV01</subfield></datafield><datafield ind1=" " ind2=" " tag="035"><subfield code="a">(EXLNZ-41SLSP_NETWORK)991065546589705501</subfield></datafield><datafield ind1=" " ind2=" " tag="040"><subfield code="a">RERO geuses</subfield><subfield code="d">CH-ZuSLS</subfield></datafield><datafield ind1=" " ind2="7" tag="072"><subfield code="a">ss</subfield><subfield code="2">rero</subfield></datafield><datafield ind1=" " ind2="7" tag="072"><subfield code="a">se</subfield><subfield code="2">rero</subfield></datafield><datafield ind1="1" ind2=" " tag="100"><subfield code="6">880-01</subfield><subfield code="a">Castells, Manuel</subfield><subfield code="d">1942-....</subfield><subfield code="0">(IDREF)026771683</subfield><subfield code="4">cre</subfield></datafield><datafield ind1="1" ind2=" " tag="880"><subfield code="a">Castells, Manuel</subfield><subfield code="d">1942-</subfield><subfield code="6">100-01</subfield><subfield code="0">(DE-588)123406587</subfield></datafield><datafield ind1="1" ind2="0" tag="245"><subfield code="a">&lt;&lt;The&gt;&gt; rise of the network society</subfield><subfield code="c">Manuel Castells</subfield></datafield><datafield ind1=" " ind2="1" tag="264"><subfield code="a">Cambridge Mass. [etc.]</subfield><subfield code="b">Blackwell</subfield><subfield code="c">1996</subfield></datafield><datafield ind1=" " ind2=" " tag="300"><subfield code="a">XVII, 556 p.</subfield><subfield code="b">ill., bibl.</subfield><subfield code="c">23 cm</subfield></datafield><datafield ind1=" " ind2=" " tag="336"><subfield code="b">txt</subfield><subfield code="2">rdacontent</subfield></datafield><datafield ind1=" " ind2=" " tag="337"><subfield code="b">n</subfield><subfield code="2">rdamedia</subfield></datafield><datafield ind1=" " ind2=" " tag="338"><subfield code="b">nc</subfield><subfield code="2">rdacarrier</subfield></datafield><datafield ind1="1" ind2=" " tag="490"><subfield code="a">The information age : economy, society and culture</subfield><subfield code="v">vol. 1, Ed. 1996</subfield></datafield><datafield ind1=" " ind2=" " tag="520"><subfield code="a">Revolution der Informationstechnologie ; virtuelle Realität ; Wandlung der Arbeitsbedingungen und der Arbeit (1920-2005)</subfield><subfield code="5">IDSBB/B429</subfield></datafield><datafield ind1=" " ind2="4" tag="648"><subfield code="a">Geschichte</subfield></datafield><datafield ind1=" " ind2="7" tag="650"><subfield code="a">Technologie de l'information</subfield><subfield code="0">(IDREF)027503593</subfield><subfield code="2">idref</subfield></datafield><datafield ind1=" " ind2="7" tag="650"><subfield code="a">Changement social</subfield><subfield code="0">(IDREF)027285626</subfield><subfield code="2">idref</subfield></datafield><datafield ind1=" " ind2="7" tag="650"><subfield code="a">Société numérique</subfield><subfield code="0">(IDREF)035733438</subfield><subfield code="2">idref</subfield></datafield><datafield ind1=" " ind2="7" tag="650"><subfield code="a">Informationsgesellschaft</subfield><subfield code="2">gnd</subfield><subfield code="0">(DE-588)4114011-4</subfield></datafield><datafield ind1=" " ind2="7" tag="650"><subfield code="a">Informationstechnik</subfield><subfield code="2">gnd</subfield><subfield code="0">(DE-588)4026926-7</subfield></datafield><datafield ind1=" " ind2="7" tag="650"><subfield code="a">Internationalisierung</subfield><subfield code="2">gnd</subfield><subfield code="0">(DE-588)4162106-2</subfield></datafield><datafield ind1=" " ind2="7" tag="650"><subfield code="a">Netzwerk</subfield><subfield code="2">gnd</subfield><subfield code="0">(DE-588)4171529-9</subfield></datafield><datafield ind1=" " ind2=" " tag="691"><subfield code="e">303.4833</subfield><subfield code="a">Cause del cambiamento sociale. Comunicazioni</subfield><subfield code="2">usi-TE</subfield></datafield><datafield ind1="1" ind2=" " tag="800"><subfield code="a">Castells, Manuel</subfield><subfield code="d">1942-</subfield><subfield code="t">&lt;&lt;The&gt;&gt; information age</subfield><subfield code="v">1/1996</subfield><subfield code="w">(IDSBB)001404917DSV01</subfield></datafield><datafield ind1=" " ind2=" " tag="830"><subfield code="a">Information age</subfield><subfield code="v">1</subfield><subfield code="w">(RERO)R003955404-41slsp</subfield></datafield></record>
</metadata></record>