<record><header><identifier>oai:alma.41SLSP_UGE:991000816489705502</identifier><datestamp>2023-04-08T00:15:32Z</datestamp><setSpec>uge_bcen_RapidILL_BOOK</setSpec><setSpec>uge_aaca_RapidILL_BOOK</setSpec><setSpec>uge_abels_RapidILL_BOOK</setSpec><setSpec>uge_dbu_RapidILL_BOOK</setSpec><setSpec>uge_cmu_RapidILL_BOOK</setSpec><setSpec>uge_mail_RapidILL_BOOK</setSpec><setSpec>uge_abbat_RapidILL_BOOK</setSpec><setSpec>UNIGE_ALL</setSpec><setSpec>uge_acar_RapidILL_BOOK</setSpec><setSpec>uge_aobs_RapidILL_BOOK</setSpec></header><metadata>
<record xmlns="http://www.loc.gov/MARC21/slim" xmlns:xsi="http://www.w3.org/2001/XMLSchema-instance" xsi:schemaLocation="http://www.loc.gov/MARC21/slim http://www.loc.gov/standards/marcxml/schema/MARC21slim.xsd"><leader>02040nam a2200481uc 4500</leader><controlfield tag="001">991000816489705502</controlfield><controlfield tag="005">20230407154921.0</controlfield><controlfield tag="008">201012s1989    ne            00| | fre d</controlfield><datafield ind1=" " ind2=" " tag="020"><subfield code="a">9004091793</subfield></datafield><datafield ind1=" " ind2=" " tag="035"><subfield code="a">(swissbib)240286561-41slsp_network</subfield></datafield><datafield ind1=" " ind2=" " tag="035"><subfield code="a">240286561</subfield><subfield code="9">ExL</subfield></datafield><datafield ind1=" " ind2=" " tag="035"><subfield code="a">(IDSBB)000567740DSV01</subfield></datafield><datafield ind1=" " ind2=" " tag="035"><subfield code="a">(RERO)1196699-41slsp</subfield></datafield><datafield ind1=" " ind2=" " tag="035"><subfield code="a">(EXLNZ-41SLSP_NETWORK)991040886159705501</subfield></datafield><datafield ind1=" " ind2=" " tag="040"><subfield code="a">SzZuIDS BS/BE A252</subfield><subfield code="b">ger</subfield><subfield code="e">kids</subfield><subfield code="d">CH-ZuSLS</subfield></datafield><datafield ind1=" " ind2=" " tag="044"><subfield code="a">ne</subfield><subfield code="a">xxu</subfield></datafield><datafield ind1=" " ind2="7" tag="072"><subfield code="a">ju</subfield><subfield code="2">SzZuIDS BS/BE</subfield></datafield><datafield ind1=" " ind2="7" tag="072"><subfield code="a">kp</subfield><subfield code="2">SzZuIDS BS/BE</subfield></datafield><datafield ind1=" " ind2="7" tag="072"><subfield code="a">th</subfield><subfield code="2">rero</subfield></datafield><datafield ind1=" " ind2="7" tag="072"><subfield code="a">gr</subfield><subfield code="2">rero</subfield></datafield><datafield ind1="1" ind2="4" tag="082"><subfield code="a">296</subfield><subfield code="2">15</subfield></datafield><datafield ind1=" " ind2=" " tag="084"><subfield code="a">BC 7500</subfield><subfield code="2">rvk</subfield></datafield><datafield ind1="1" ind2=" " tag="100"><subfield code="a">Cazeaux, Jacques</subfield><subfield code="d">1927-....</subfield><subfield code="0">(IDREF)026773635</subfield><subfield code="4">cre</subfield></datafield><datafield ind1="1" ind2="0" tag="245"><subfield code="a">&lt;&lt;Le&gt;&gt; cycle de Noé dans Philon d'Alexandrie</subfield></datafield><datafield ind1=" " ind2="1" tag="264"><subfield code="c">1989</subfield></datafield><datafield ind1=" " ind2=" " tag="300"><subfield code="a">298 S.</subfield><subfield code="c">25 cm</subfield></datafield><datafield ind1=" " ind2=" " tag="336"><subfield code="b">txt</subfield><subfield code="2">rdacontent</subfield></datafield><datafield ind1=" " ind2=" " tag="337"><subfield code="b">n</subfield><subfield code="2">rdamedia</subfield></datafield><datafield ind1=" " ind2=" " tag="338"><subfield code="b">nc</subfield><subfield code="2">rdacarrier</subfield></datafield><datafield ind1="1" ind2=" " tag="490"><subfield code="a">La trame et la chaîne / par Jacques Cazeaux</subfield><subfield code="v">2</subfield></datafield><datafield ind1="1" ind2=" " tag="490"><subfield code="a">Arbeiten zur Literatur und Geschichte des hellenistischen Judentums</subfield><subfield code="v">20</subfield></datafield><datafield ind1="0" ind2="7" tag="600"><subfield code="a">Philon d'Alexandrie</subfield><subfield code="d">0030? av. J.-C.-0040?</subfield><subfield code="t">De gigantibus</subfield><subfield code="0">(IDREF)028486234</subfield><subfield code="2">idref</subfield></datafield><datafield ind1="0" ind2="7" tag="600"><subfield code="a">Philon d'Alexandrie</subfield><subfield code="d">0030? av. J.-C.-0040?</subfield><subfield code="t">Quod Deus sit immutabilis</subfield><subfield code="0">(IDREF)028486250</subfield><subfield code="2">idref</subfield></datafield><datafield ind1="0" ind2="7" tag="600"><subfield code="a">Philon d'Alexandrie</subfield><subfield code="d">0030? av. J.-C.-0040?</subfield><subfield code="t">De agricultura</subfield><subfield code="0">(IDREF)18032795X</subfield><subfield code="2">idref</subfield></datafield><datafield ind1="0" ind2="7" tag="600"><subfield code="a">Philon</subfield><subfield code="c">(d'Alexandrie).</subfield><subfield code="t">De plantatione</subfield><subfield code="0">(RERO)A010131465</subfield><subfield code="2">rero</subfield></datafield><datafield ind1="0" ind2="7" tag="600"><subfield code="a">Philon d'Alexandrie</subfield><subfield code="d">0030? av. J.-C.-0040?</subfield><subfield code="t">De Ebrietate</subfield><subfield code="0">(IDREF)231857519</subfield><subfield code="2">idref</subfield></datafield><datafield ind1="0" ind2="7" tag="600"><subfield code="a">Philon</subfield><subfield code="c">(d'Alexandrie).</subfield><subfield code="t">De sobrietate</subfield><subfield code="0">(RERO)A010131467</subfield><subfield code="2">rero</subfield></datafield><datafield ind1="0" ind2="7" tag="600"><subfield code="a">Noé</subfield><subfield code="c">patriarche biblique</subfield><subfield code="0">(IDREF)027897508</subfield><subfield code="2">idref</subfield></datafield><datafield ind1="0" ind2="7" tag="600"><subfield code="a">Philon d'Alexandrie</subfield><subfield code="d">0030? av. J.-C.-0040?</subfield><subfield code="0">(IDREF)027070980</subfield><subfield code="2">idref</subfield></datafield><datafield ind1="0" ind2="7" tag="630"><subfield code="a">Bible</subfield><subfield code="p">AT</subfield><subfield code="p">Genèse</subfield><subfield code="n">6 - 9</subfield><subfield code="2">rero</subfield></datafield><datafield ind1=" " ind2="7" tag="650"><subfield code="a">Déluge</subfield><subfield code="0">(IDREF)027818136</subfield><subfield code="2">idref</subfield></datafield><datafield ind1=" " ind2="0" tag="830"><subfield code="a">Arbeiten zur Literatur und Geschichte des hellenistischen Judentums</subfield><subfield code="v">20</subfield><subfield code="w">(RERO)0013170-41slsp</subfield></datafield><datafield ind1="1" ind2=" " tag="800"><subfield code="a">Cazeaux, Jacques</subfield><subfield code="t">&lt;&lt;La&gt;&gt; trame et la chaîne</subfield><subfield code="v">2</subfield><subfield code="w">(RERO)1196692-41slsp</subfield></datafield><datafield ind1=" " ind2=" " tag="900"><subfield code="a">REROnoselfmerge</subfield></datafield></record>
</metadata></record>