<record><header><identifier>oai:alma.41SLSP_UGE:991000815949705502</identifier><datestamp>2023-03-21T01:13:10Z</datestamp><setSpec>uge_bcen_RapidILL_BOOK</setSpec><setSpec>uge_aaca_RapidILL_BOOK</setSpec><setSpec>uge_abels_RapidILL_BOOK</setSpec><setSpec>uge_dbu_RapidILL_BOOK</setSpec><setSpec>uge_cmu_RapidILL_BOOK</setSpec><setSpec>uge_mail_RapidILL_BOOK</setSpec><setSpec>uge_abbat_RapidILL_BOOK</setSpec><setSpec>UNIGE_ALL</setSpec><setSpec>uge_aobs_RapidILL_BOOK</setSpec><setSpec>uge_acar_RapidILL_BOOK</setSpec></header><metadata>
<record xmlns="http://www.loc.gov/MARC21/slim" xmlns:xsi="http://www.w3.org/2001/XMLSchema-instance" xsi:schemaLocation="http://www.loc.gov/MARC21/slim http://www.loc.gov/standards/marcxml/schema/MARC21slim.xsd"><leader>01581nam a2200337 c 4500</leader><controlfield tag="001">991000815949705502</controlfield><controlfield tag="005">20230320195213.0</controlfield><controlfield tag="008">891004s1989    it ||||| |||| 10| ||fre d</controlfield><datafield ind1=" " ind2=" " tag="035"><subfield code="a">(swissbib)084094052-41slsp_network</subfield></datafield><datafield ind1=" " ind2=" " tag="035"><subfield code="a">084094052</subfield><subfield code="9">ExL</subfield></datafield><datafield ind1=" " ind2=" " tag="035"><subfield code="a">(RERO)1159729-41slsp</subfield></datafield><datafield ind1=" " ind2=" " tag="035"><subfield code="a">(EXLNZ-41SLSP_NETWORK)991083412699705501</subfield></datafield><datafield ind1=" " ind2=" " tag="040"><subfield code="a">RERO geulit</subfield><subfield code="d">CH-ZuSLS</subfield></datafield><datafield ind1="0" ind2=" " tag="041"><subfield code="a">fre</subfield><subfield code="a">spa</subfield><subfield code="a">ita</subfield></datafield><datafield ind1=" " ind2="7" tag="072"><subfield code="a">td</subfield><subfield code="2">rero</subfield></datafield><datafield ind1=" " ind2="7" tag="072"><subfield code="a">lc</subfield><subfield code="2">rero</subfield></datafield><datafield ind1="0" ind2="0" tag="245"><subfield code="a">Diavoli e mostri in scena dal Medioevo al Rinascimento</subfield><subfield code="b">convegno di studi, Roma 30 giugno - 3 luglio 1988</subfield><subfield code="c">a cura di M. Chiabò, F. Doglio ; Centro studi sul teatro medioevale e rinascimentale</subfield></datafield><datafield ind1=" " ind2="1" tag="264"><subfield code="a">[Viterbo]</subfield><subfield code="b">Centro studi sul teatro medioevale e rinascimentale</subfield><subfield code="c">1989</subfield></datafield><datafield ind1=" " ind2=" " tag="300"><subfield code="a">536 p.</subfield><subfield code="c">24 cm</subfield></datafield><datafield ind1=" " ind2=" " tag="336"><subfield code="b">txt</subfield><subfield code="2">rdacontent</subfield></datafield><datafield ind1=" " ind2=" " tag="337"><subfield code="b">n</subfield><subfield code="2">rdamedia</subfield></datafield><datafield ind1=" " ind2=" " tag="338"><subfield code="b">nc</subfield><subfield code="2">rdacarrier</subfield></datafield><datafield ind1=" " ind2=" " tag="500"><subfield code="a">En tête de la page de titre: Ministero beni culturali e ambientali, Ufficio centrale per i beni librari e gli istituti culturali; Comune di Roma, Assessorato alla cultura ; Ministero turismo e spettacolo, Ente teatrale italiano</subfield></datafield><datafield ind1=" " ind2=" " tag="504"><subfield code="a">Bibliogr.: p. 405-511</subfield></datafield><datafield ind1=" " ind2="7" tag="650"><subfield code="a">Diable</subfield><subfield code="0">(IDREF)027445453</subfield><subfield code="2">idref</subfield></datafield><datafield ind1=" " ind2="7" tag="650"><subfield code="a">410-1600</subfield><subfield code="2">rero</subfield></datafield><datafield ind1=" " ind2="7" tag="650"><subfield code="a">Moyen âge</subfield><subfield code="0">(IDREF)027329917</subfield><subfield code="2">idref</subfield></datafield><datafield ind1=" " ind2="7" tag="650"><subfield code="a">Théâtre (genre littéraire) européen</subfield><subfield code="0">(IDREF)02727649X</subfield><subfield code="2">idref</subfield></datafield><datafield ind1=" " ind2="7" tag="655"><subfield code="a">Actes de congrès</subfield><subfield code="0">(IDREF)02886431X</subfield><subfield code="2">idref</subfield></datafield><datafield ind1="1" ind2=" " tag="700"><subfield code="a">Chiabò, Maria</subfield><subfield code="c">historienne</subfield><subfield code="d">19..-....</subfield><subfield code="0">(IDREF)028501802</subfield></datafield><datafield ind1="2" ind2=" " tag="710"><subfield code="a">Centro studi sul teatro medioevale e rinascimentale (Viterbo)</subfield><subfield code="b">Convegno di studi</subfield><subfield code="n">12</subfield><subfield code="d">1988</subfield><subfield code="c">Roma</subfield><subfield code="0">(RERO)A012312506</subfield></datafield><datafield ind1=" " ind2=" " tag="900"><subfield code="a">REROnoselfmerge</subfield></datafield><datafield ind1=" " ind2=" " tag="993"><subfield code="a">BFLA 34895/13</subfield><subfield code="x">ge/ulit/a/89/363</subfield><subfield code="9">LOCAL</subfield></datafield></record>
</metadata></record>