<record><header><identifier>oai:alma.41SLSP_UGE:991000816369705502</identifier><datestamp>2024-03-09T01:42:07Z</datestamp><setSpec>uge_bcen_RapidILL_BOOK</setSpec><setSpec>uge_aaca_RapidILL_BOOK</setSpec><setSpec>uge_abels_RapidILL_BOOK</setSpec><setSpec>uge_dbu_RapidILL_BOOK</setSpec><setSpec>uge_cmu_RapidILL_BOOK</setSpec><setSpec>uge_mail_RapidILL_BOOK</setSpec><setSpec>uge_abbat_RapidILL_BOOK</setSpec><setSpec>UNIGE_ALL</setSpec><setSpec>uge_acar_RapidILL_BOOK</setSpec><setSpec>uge_aobs_RapidILL_BOOK</setSpec></header><metadata>
<record xmlns="http://www.loc.gov/MARC21/slim" xmlns:xsi="http://www.w3.org/2001/XMLSchema-instance" xsi:schemaLocation="http://www.loc.gov/MARC21/slim http://www.loc.gov/standards/marcxml/schema/MARC21slim.xsd"><leader>02528nam a2200649 c 4500</leader><controlfield tag="001">991000816369705502</controlfield><controlfield tag="005">20240308054444.0</controlfield><controlfield tag="008">201011s1958    enkh     b||| 000 0 eng|c</controlfield><datafield ind1=" " ind2=" " tag="010"><subfield code="a">a  58003938</subfield></datafield><datafield ind1=" " ind2=" " tag="015"><subfield code="a">GB5803071</subfield><subfield code="2">bnb</subfield></datafield><datafield ind1="7" ind2=" " tag="016"><subfield code="a">000446620</subfield><subfield code="2">Uk</subfield></datafield><datafield ind1="7" ind2=" " tag="016"><subfield code="a">010291934</subfield><subfield code="2">Uk</subfield></datafield><datafield ind1="8" ind2=" " tag="024"><subfield code="a">B5803071</subfield></datafield><datafield ind1=" " ind2=" " tag="035"><subfield code="a">(swissbib)221129081-41slsp_network</subfield></datafield><datafield ind1=" " ind2=" " tag="035"><subfield code="a">221129081</subfield><subfield code="9">ExL</subfield></datafield><datafield ind1=" " ind2=" " tag="035"><subfield code="a">(NEBIS)011368844EBI01</subfield></datafield><datafield ind1=" " ind2=" " tag="035"><subfield code="a">(RERO)0006213-41slsp</subfield></datafield><datafield ind1=" " ind2=" " tag="035"><subfield code="a">(IDSBB)000199229DSV01</subfield></datafield><datafield ind1=" " ind2=" " tag="035"><subfield code="a">(OCoLC)1167979</subfield></datafield><datafield ind1=" " ind2=" " tag="035"><subfield code="a">(ABN)000147262ABN01</subfield></datafield><datafield ind1=" " ind2=" " tag="035"><subfield code="a">(EXLNZ-41SLSP_NETWORK)991151084799705501</subfield></datafield><datafield ind1=" " ind2=" " tag="040"><subfield code="a">Rochester. Univ. Libr</subfield><subfield code="b">ger</subfield><subfield code="e">rda</subfield><subfield code="d">CH-ZuSLS</subfield></datafield><datafield ind1="0" ind2="0" tag="050"><subfield code="a">PR2045</subfield><subfield code="b">.B7</subfield></datafield><datafield ind1=" " ind2="7" tag="072"><subfield code="a">an</subfield><subfield code="2">rero</subfield></datafield><datafield ind1=" " ind2="7" tag="072"><subfield code="a">an</subfield><subfield code="2">SzZuIDS BS/BE</subfield></datafield><datafield ind1="0" ind2="4" tag="082"><subfield code="a">823.2</subfield><subfield code="2">18</subfield></datafield><datafield ind1="1" ind2=" " tag="100"><subfield code="a">Bradbrook, Muriel C.</subfield><subfield code="d">1909-1993</subfield><subfield code="0">(DE-588)120442132</subfield><subfield code="e">Verfasser</subfield><subfield code="4">aut</subfield></datafield><datafield ind1="1" ind2="0" tag="245"><subfield code="a">Sir Thomas Malory</subfield><subfield code="c">by M.C. Bradbrook</subfield></datafield><datafield ind1=" " ind2="1" tag="264"><subfield code="a">London</subfield><subfield code="a">New York</subfield><subfield code="b">Published for the British Council by Longmans, Green</subfield><subfield code="c">[1958]</subfield></datafield><datafield ind1=" " ind2=" " tag="300"><subfield code="a">40 pages</subfield><subfield code="b">facsimile</subfield><subfield code="c">22 cm</subfield></datafield><datafield ind1=" " ind2=" " tag="336"><subfield code="b">txt</subfield><subfield code="2">rdacontent</subfield></datafield><datafield ind1=" " ind2=" " tag="337"><subfield code="b">n</subfield><subfield code="2">rdamedia</subfield></datafield><datafield ind1=" " ind2=" " tag="338"><subfield code="b">nc</subfield><subfield code="2">rdacarrier</subfield></datafield><datafield ind1=" " ind2=" " tag="340"><subfield code="m">8vo</subfield><subfield code="2">rdabf</subfield></datafield><datafield ind1="0" ind2=" " tag="490"><subfield code="a">Bibliographical series of supplements to British book news on writers and their work</subfield></datafield><datafield ind1="1" ind2=" " tag="490"><subfield code="a">Writers and their work</subfield><subfield code="v">no. 95</subfield></datafield><datafield ind1=" " ind2=" " tag="504"><subfield code="a">Includes bibliographical references (pages 39-40)</subfield></datafield><datafield ind1=" " ind2=" " tag="530"><subfield code="a">Also issued online</subfield></datafield><datafield ind1="1" ind2="7" tag="600"><subfield code="a">Malory, Thomas</subfield><subfield code="2">swd</subfield></datafield><datafield ind1="1" ind2="7" tag="600"><subfield code="a">Malory, Thomas</subfield><subfield code="d">1410-1471</subfield><subfield code="0">(DE-588)118576836</subfield><subfield code="2">gnd</subfield></datafield><datafield ind1="1" ind2="0" tag="600"><subfield code="a">Malory, Thomas</subfield><subfield code="c">Sir</subfield><subfield code="d">active 15th century</subfield><subfield code="t">Morte d'Arthur</subfield></datafield><datafield ind1="1" ind2="6" tag="600"><subfield code="a">Malory, Thomas</subfield><subfield code="c">Sir</subfield><subfield code="d">15e s</subfield><subfield code="t">Morte d'Arthur</subfield></datafield><datafield ind1="1" ind2="4" tag="600"><subfield code="a">Malory, Thomas</subfield><subfield code="c">Sir</subfield><subfield code="d">active 15th century</subfield></datafield><datafield ind1="1" ind2="7" tag="600"><subfield code="a">Malory, Thomas</subfield><subfield code="d">1408?-1471</subfield><subfield code="0">(IDREF)028691148</subfield><subfield code="2">idref</subfield></datafield><datafield ind1="0" ind2="7" tag="630"><subfield code="a">Morte d'Arthur (Malory, Thomas, Sir)</subfield><subfield code="2">fast</subfield></datafield><datafield ind1=" " ind2="0" tag="650"><subfield code="a">Arthurian romances</subfield><subfield code="x">History and criticism</subfield></datafield><datafield ind1=" " ind2="6" tag="650"><subfield code="a">Cycle d'Arthur</subfield><subfield code="x">Histoire et critique</subfield></datafield><datafield ind1=" " ind2="6" tag="650"><subfield code="a">Chevaliers dans la littérature</subfield></datafield><datafield ind1=" " ind2="6" tag="650"><subfield code="a">Chevalerie dans la littérature</subfield></datafield><datafield ind1=" " ind2="6" tag="650"><subfield code="a">Rois et souverains dans la littérature</subfield></datafield><datafield ind1=" " ind2="7" tag="650"><subfield code="a">Arthurian romances</subfield><subfield code="2">fast</subfield></datafield><datafield ind1=" " ind2="7" tag="655"><subfield code="a">Criticism, interpretation, etc</subfield><subfield code="2">fast</subfield></datafield><datafield ind1="1" ind2=" " tag="700"><subfield code="a">Bradbrook, Muriel Clara</subfield><subfield code="d">1909-1993</subfield><subfield code="0">(IDREF)027899276</subfield><subfield code="4">cre</subfield></datafield><datafield ind1="0" ind2="8" tag="776"><subfield code="i">Online version</subfield><subfield code="t">Sir Thomas Malory</subfield></datafield><datafield ind1=" " ind2=" " tag="830"><subfield code="a">Writers and their work</subfield><subfield code="v">95</subfield><subfield code="w">(IDSBB)000396107DSV01</subfield></datafield><datafield ind1=" " ind2=" " tag="830"><subfield code="a">Bibliographical series of Supplements to &quot;British book news&quot; on writers and their work</subfield><subfield code="v">95</subfield><subfield code="w">(RERO)0000637-41slsp</subfield></datafield><datafield ind1=" " ind2=" " tag="900"><subfield code="a">IDSZ2esmon201903r</subfield><subfield code="c">IDSZ2esch</subfield></datafield><datafield ind1=" " ind2=" " tag="900"><subfield code="a">REROnoselfmerge</subfield></datafield></record>
</metadata></record>