<record><header><identifier>oai:alma.41SLSP_UGE:991000104699705502</identifier><datestamp>2023-03-01T01:10:26Z</datestamp><setSpec>uge_bcen_RapidILL_BOOK</setSpec><setSpec>uge_aaca_RapidILL_BOOK</setSpec><setSpec>uge_abels_RapidILL_BOOK</setSpec><setSpec>uge_dbu_RapidILL_BOOK</setSpec><setSpec>uge_cmu_RapidILL_BOOK</setSpec><setSpec>uge_mail_RapidILL_BOOK</setSpec><setSpec>UNIGE_ALL</setSpec><setSpec>uge_abbat_RapidILL_BOOK</setSpec><setSpec>uge_aobs_RapidILL_BOOK</setSpec><setSpec>uge_acar_RapidILL_BOOK</setSpec></header><metadata>
<record xmlns="http://www.loc.gov/MARC21/slim" xmlns:xsi="http://www.w3.org/2001/XMLSchema-instance" xsi:schemaLocation="http://www.loc.gov/MARC21/slim http://www.loc.gov/standards/marcxml/schema/MARC21slim.xsd"><leader>02547nam a2200289 c 4500</leader><controlfield tag="001">991000104699705502</controlfield><controlfield tag="005">20201227133336.0</controlfield><controlfield tag="008">031103s1990    le ||||| |||| 00| ||ara d</controlfield><datafield ind1=" " ind2=" " tag="035"><subfield code="a">(swissbib)099896478-41slsp_network</subfield></datafield><datafield ind1=" " ind2=" " tag="035"><subfield code="a">099896478</subfield><subfield code="9">ExL</subfield></datafield><datafield ind1=" " ind2=" " tag="035"><subfield code="a">(RERO)R003533918-41slsp</subfield></datafield><datafield ind1=" " ind2=" " tag="035"><subfield code="a">(EXLNZ-41SLSP_NETWORK)991031484909705501</subfield></datafield><datafield ind1=" " ind2=" " tag="040"><subfield code="a">RERO geular</subfield><subfield code="d">CH-ZuSLS</subfield></datafield><datafield ind1=" " ind2="7" tag="072"><subfield code="a">hm</subfield><subfield code="2">rero</subfield></datafield><datafield ind1="1" ind2=" " tag="100"><subfield code="6">880-01</subfield><subfield code="a">Ibn Taghrībirdī, Abū al-Maḥāsin Yūsuf</subfield><subfield code="d">1410-1470</subfield><subfield code="0">(RERO)A009413053</subfield><subfield code="4">cre</subfield></datafield><datafield ind1="1" ind2=" " tag="880"><subfield code="6">100-01/(3/r</subfield><subfield code="a">ابن تغريبردي، أبو المحاسن يوسف</subfield><subfield code="d">1410-1470</subfield></datafield><datafield ind1="1" ind2="0" tag="245"><subfield code="6">880-02</subfield><subfield code="a">Ḥawādith al-duhūr fī madā al-ayyām wa-al-shuhūr</subfield><subfield code="c">li-Ibn Taghrī Birdī ; taḥqīq Muḥammad Kamāl al-Dīn ʿIzz al-Dīn [ʿAlī al-Sayyid]</subfield></datafield><datafield ind1="1" ind2="0" tag="880"><subfield code="6">245-02/(3/r</subfield><subfield code="a">حوادث الدهور في مدى الأيام والشهور</subfield><subfield code="c">لابن تغري بردي ; تحقيق محمد كمال الدين عز الدين [علي السيد]</subfield></datafield><datafield ind1="1" ind2=" " tag="246"><subfield code="a">Ḥawādiṯ ad-duhūr fī madā al-ayyām wa aš-šuhūr / li Ibn Taḡrī Birdī ; taḥqīq Muḥammad Kamāl ad-Dīn ʿIzz ad-Dīn [ʿAlī as-Sayyid]</subfield></datafield><datafield ind1=" " ind2="1" tag="264"><subfield code="6">880-03</subfield><subfield code="a">[Bayrūt]</subfield><subfield code="b">ʿĀlam al-kutub</subfield><subfield code="c">1990</subfield></datafield><datafield ind1=" " ind2="1" tag="880"><subfield code="6">264-03/(3/r</subfield><subfield code="a">[بيروت]</subfield><subfield code="b">عالم الكتب</subfield><subfield code="c">1990</subfield></datafield><datafield ind1=" " ind2=" " tag="300"><subfield code="a">2 vol. (611 p.)</subfield><subfield code="c">25 cm</subfield></datafield><datafield ind1=" " ind2=" " tag="336"><subfield code="b">txt</subfield><subfield code="2">rdacontent</subfield></datafield><datafield ind1=" " ind2=" " tag="337"><subfield code="b">n</subfield><subfield code="2">rdamedia</subfield></datafield><datafield ind1=" " ind2=" " tag="338"><subfield code="b">nc</subfield><subfield code="2">rdacarrier</subfield></datafield><datafield ind1="1" ind2=" " tag="700"><subfield code="6">880-04</subfield><subfield code="a">Sayyid, Muḥammad Kamāl al-Dīn ʿIzz al-Dīn ʿAlī</subfield><subfield code="0">(RERO)A021734010</subfield></datafield><datafield ind1="1" ind2=" " tag="880"><subfield code="6">700-04/(3/r</subfield><subfield code="a">سيد، محمد كمال الدين عز الدين علي</subfield></datafield><datafield ind1=" " ind2=" " tag="900"><subfield code="a">REROnoselfmerge</subfield></datafield></record>
</metadata></record>