<record><header><identifier>oai:alma.41SLSP_UGE:991000104809705502</identifier><datestamp>2023-04-10T00:16:18Z</datestamp><setSpec>uge_bcen_RapidILL_BOOK</setSpec><setSpec>uge_aaca_RapidILL_BOOK</setSpec><setSpec>uge_abels_RapidILL_BOOK</setSpec><setSpec>uge_dbu_RapidILL_BOOK</setSpec><setSpec>uge_cmu_RapidILL_BOOK</setSpec><setSpec>uge_mail_RapidILL_BOOK</setSpec><setSpec>uge_abbat_RapidILL_BOOK</setSpec><setSpec>UNIGE_ALL</setSpec><setSpec>uge_acar_RapidILL_BOOK</setSpec><setSpec>uge_aobs_RapidILL_BOOK</setSpec></header><metadata>
<record xmlns="http://www.loc.gov/MARC21/slim" xmlns:xsi="http://www.w3.org/2001/XMLSchema-instance" xsi:schemaLocation="http://www.loc.gov/MARC21/slim http://www.loc.gov/standards/marcxml/schema/MARC21slim.xsd"><leader>03231nam a2200685 c 4500</leader><controlfield tag="001">991000104809705502</controlfield><controlfield tag="005">20230409190756.0</controlfield><controlfield tag="008">201011s2017    sz ah  f b||| 101 0 fre|d</controlfield><datafield ind1=" " ind2=" " tag="020"><subfield code="z">9782600147521</subfield><subfield code="q">PDF</subfield></datafield><datafield ind1=" " ind2=" " tag="020"><subfield code="a">9782600047524</subfield></datafield><datafield ind1="7" ind2=" " tag="024"><subfield code="a">http://catalogue.bnf.fr/ark:/12148/cb45327804c</subfield><subfield code="2">uri</subfield></datafield><datafield ind1=" " ind2=" " tag="035"><subfield code="a">(swissbib)229291627-41slsp_network</subfield></datafield><datafield ind1=" " ind2=" " tag="035"><subfield code="a">229291627</subfield><subfield code="9">ExL</subfield></datafield><datafield ind1=" " ind2=" " tag="035"><subfield code="a">(NEBIS)011067792EBI01</subfield></datafield><datafield ind1=" " ind2=" " tag="035"><subfield code="a">(RERO)R008692912-41slsp</subfield></datafield><datafield ind1=" " ind2=" " tag="035"><subfield code="a">(IDSBB)006783564DSV01</subfield></datafield><datafield ind1=" " ind2=" " tag="035"><subfield code="a">(OCoLC)1005923750</subfield></datafield><datafield ind1=" " ind2=" " tag="035"><subfield code="a">(EXLNZ-41SLSP_NETWORK)991028640189705501</subfield></datafield><datafield ind1=" " ind2=" " tag="040"><subfield code="a">ZWZ</subfield><subfield code="b">ger</subfield><subfield code="e">rda</subfield><subfield code="d">CH-ZuSLS</subfield></datafield><datafield ind1="0" ind2=" " tag="041"><subfield code="a">fre</subfield><subfield code="a">eng</subfield><subfield code="a">ger</subfield><subfield code="a">ita</subfield><subfield code="a">spa</subfield></datafield><datafield ind1=" " ind2=" " tag="044"><subfield code="a">sz</subfield><subfield code="c">ch-ge</subfield></datafield><datafield ind1=" " ind2="7" tag="072"><subfield code="a">fm</subfield><subfield code="2">rero</subfield></datafield><datafield ind1=" " ind2="7" tag="072"><subfield code="a">la</subfield><subfield code="2">rero</subfield></datafield><datafield ind1="1" ind2="4" tag="082"><subfield code="a">870</subfield><subfield code="2">15</subfield></datafield><datafield ind1="1" ind2="4" tag="082"><subfield code="a">470</subfield><subfield code="2">15</subfield></datafield><datafield ind1="2" ind2=" " tag="111"><subfield code="a">Internationales Mittellateinerkomitee</subfield><subfield code="e">Kongress</subfield><subfield code="n">7.</subfield><subfield code="d">2014</subfield><subfield code="c">Lyon</subfield><subfield code="0">(DE-588)1141299119</subfield></datafield><datafield ind1="1" ind2="0" tag="245"><subfield code="a">&lt;&lt;Le&gt;&gt; sens du temps</subfield><subfield code="b">actes du VIIe Congrès du Comité International de Latin Médiéval (Lyon, 10-13.09.2014) = The sense of time : proceedings of the 7th Congress of the International Medieval Latin Commitee (Lyon, 10-13.09.2014)</subfield><subfield code="c">Pascale Bourgain &amp; Jean-Yves Tilliette (eds.)</subfield></datafield><datafield ind1="1" ind2=" " tag="246"><subfield code="a">Sens of time</subfield><subfield code="b">proceedings of the 7th Congress of the International medieval latin Commitee, (Lyon, 10-13.09.2014)</subfield></datafield><datafield ind1="1" ind2="1" tag="246"><subfield code="a">&lt;&lt;The&gt;&gt; sense of time</subfield></datafield><datafield ind1=" " ind2="1" tag="264"><subfield code="a">Genève</subfield><subfield code="b">Librairie Droz</subfield><subfield code="c">[2017]</subfield></datafield><datafield ind1=" " ind2=" " tag="300"><subfield code="a">939 p.</subfield><subfield code="b">ill.</subfield><subfield code="c">24 cm</subfield></datafield><datafield ind1=" " ind2=" " tag="336"><subfield code="b">txt</subfield><subfield code="2">rdacontent</subfield></datafield><datafield ind1=" " ind2=" " tag="337"><subfield code="b">n</subfield><subfield code="2">rdamedia</subfield></datafield><datafield ind1=" " ind2=" " tag="338"><subfield code="b">nc</subfield><subfield code="2">rdacarrier</subfield></datafield><datafield ind1="0" ind2=" " tag="490"><subfield code="a">Rayon histoire de la Librairie Droz</subfield></datafield><datafield ind1=" " ind2=" " tag="500"><subfield code="a">Beiträge französisch, deutsch, italienisch, englisch oder spanisch</subfield></datafield><datafield ind1=" " ind2=" " tag="500"><subfield code="a">Préface en français et en anglais</subfield></datafield><datafield ind1=" " ind2=" " tag="504"><subfield code="a">Notes bibliogr. Index</subfield></datafield><datafield ind1=" " ind2=" " tag="546"><subfield code="a">Beiträge französisch, deutsch, italienisch, englisch oder spanisch</subfield></datafield><datafield ind1=" " ind2="7" tag="650"><subfield code="a">Latin (langue) médiéval et moderne</subfield><subfield code="0">(IDREF)027236412</subfield><subfield code="2">idref</subfield></datafield><datafield ind1=" " ind2="7" tag="650"><subfield code="a">Moyen âge</subfield><subfield code="0">(IDREF)027329917</subfield><subfield code="2">idref</subfield></datafield><datafield ind1=" " ind2="7" tag="650"><subfield code="a">Temps</subfield><subfield code="0">(IDREF)027675432</subfield><subfield code="2">idref</subfield></datafield><datafield ind1=" " ind2="7" tag="650"><subfield code="a">Literatur</subfield><subfield code="0">(DE-588)4035964-5</subfield><subfield code="2">gnd</subfield></datafield><datafield ind1=" " ind2="7" tag="650"><subfield code="a">Mittellatein</subfield><subfield code="0">(DE-588)4039691-5</subfield><subfield code="2">gnd</subfield></datafield><datafield ind1=" " ind2="7" tag="650"><subfield code="a">Zeitwahrnehmung</subfield><subfield code="g">Motiv</subfield><subfield code="0">(DE-588)4404733-2</subfield><subfield code="2">gnd</subfield></datafield><datafield ind1=" " ind2="7" tag="650"><subfield code="a">Latin (langue) médiéval et moderne</subfield><subfield code="x">Actes de congrès</subfield><subfield code="2">ram</subfield></datafield><datafield ind1=" " ind2="7" tag="650"><subfield code="a">Temps (philosophie)</subfield><subfield code="x">Actes de congrès</subfield><subfield code="2">ram</subfield></datafield><datafield ind1=" " ind2="7" tag="650"><subfield code="a">Salut</subfield><subfield code="x">Actes de congrès</subfield><subfield code="2">ram</subfield></datafield><datafield ind1=" " ind2="7" tag="650"><subfield code="a">Temps (linguistique)</subfield><subfield code="x">Actes de congrès</subfield><subfield code="2">ram</subfield></datafield><datafield ind1=" " ind2="7" tag="650"><subfield code="a">Littérature médiévale</subfield><subfield code="x">Actes de congrès</subfield><subfield code="2">ram</subfield></datafield><datafield ind1=" " ind2="7" tag="650"><subfield code="a">Temps</subfield><subfield code="x">Histoire</subfield><subfield code="x">Actes de congrès</subfield><subfield code="2">ram</subfield></datafield><datafield ind1=" " ind2="7" tag="655"><subfield code="a">Actes de congrès</subfield><subfield code="0">(IDREF)02886431X</subfield><subfield code="2">idref</subfield></datafield><datafield ind1=" " ind2="7" tag="655"><subfield code="a">Konferenzschrift</subfield><subfield code="z">Lyon</subfield><subfield code="y">2014</subfield><subfield code="2">gnd-content</subfield></datafield><datafield ind1="1" ind2=" " tag="700"><subfield code="a">Tilliette, Jean-Yves</subfield><subfield code="d">1954-....</subfield><subfield code="0">(IDREF)031011071</subfield></datafield><datafield ind1="1" ind2=" " tag="700"><subfield code="a">Bourgain, Pascale</subfield><subfield code="d">1947-</subfield><subfield code="0">(DE-588)141038810</subfield><subfield code="e">Herausgeber</subfield><subfield code="4">edt</subfield><subfield code="6">880-02</subfield></datafield><datafield ind1="1" ind2=" " tag="880"><subfield code="6">700-02</subfield><subfield code="a">Bourgain, Pascale</subfield><subfield code="d">1947-....</subfield><subfield code="0">(IDREF)026745690</subfield></datafield><datafield ind1="2" ind2=" " tag="710"><subfield code="a">Comité international de latin médiéval</subfield><subfield code="b">Congrès</subfield><subfield code="n">7</subfield><subfield code="d">2014</subfield><subfield code="c">Lyon</subfield><subfield code="0">(RERO)A027116341</subfield></datafield><datafield ind1="4" ind2=" " tag="856"><subfield code="3">Titelblatt und Inhaltsverzeichnis</subfield><subfield code="u">https://toc.library.ethz.ch/objects/pdf03/z01_978-2-600-04752-4_01.pdf</subfield><subfield code="q">pdf</subfield></datafield><datafield ind1=" " ind2=" " tag="900"><subfield code="a">IDSZ2zbzmon201802f</subfield><subfield code="c">IDSZ2maer</subfield><subfield code="d">IDSZ2zbzswk201806g</subfield><subfield code="e">IDSZ2seid</subfield></datafield><datafield ind1=" " ind2=" " tag="900"><subfield code="a">REROnoselfmerge</subfield></datafield><datafield ind1=" " ind2=" " tag="949"><subfield code="a">https://toc.library.ethz.ch/objects/pdf03/z01_978-2-600-04752-4_01.pdf</subfield></datafield></record>
</metadata></record>