<record><header><identifier>oai:alma.41SLSP_UGE:991000104599705502</identifier><datestamp>2023-03-01T01:10:26Z</datestamp><setSpec>uge_bcen_RapidILL_BOOK</setSpec><setSpec>uge_aaca_RapidILL_BOOK</setSpec><setSpec>uge_abels_RapidILL_BOOK</setSpec><setSpec>uge_dbu_RapidILL_BOOK</setSpec><setSpec>uge_cmu_RapidILL_BOOK</setSpec><setSpec>uge_mail_RapidILL_BOOK</setSpec><setSpec>UNIGE_ALL</setSpec><setSpec>uge_abbat_RapidILL_BOOK</setSpec><setSpec>uge_aobs_RapidILL_BOOK</setSpec><setSpec>uge_acar_RapidILL_BOOK</setSpec></header><metadata>
<record xmlns="http://www.loc.gov/MARC21/slim" xmlns:xsi="http://www.w3.org/2001/XMLSchema-instance" xsi:schemaLocation="http://www.loc.gov/MARC21/slim http://www.loc.gov/standards/marcxml/schema/MARC21slim.xsd"><leader>01021nam a2200253 c 4500</leader><controlfield tag="001">991000104599705502</controlfield><controlfield tag="005">20201222221154.0</controlfield><controlfield tag="008">131115s1908    gw ||||| |||| 00| ||ger d</controlfield><datafield ind1=" " ind2=" " tag="035"><subfield code="a">(swissbib)118526006-41slsp_network</subfield></datafield><datafield ind1=" " ind2=" " tag="035"><subfield code="a">118526006</subfield><subfield code="9">ExL</subfield></datafield><datafield ind1=" " ind2=" " tag="035"><subfield code="a">(RERO)R007540948-41slsp</subfield></datafield><datafield ind1=" " ind2=" " tag="035"><subfield code="a">(EXLNZ-41SLSP_NETWORK)991090167169705501</subfield></datafield><datafield ind1=" " ind2=" " tag="040"><subfield code="a">Pica</subfield><subfield code="d">CH-ZuSLS</subfield></datafield><datafield ind1=" " ind2="7" tag="072"><subfield code="a">hs</subfield><subfield code="2">rero</subfield></datafield><datafield ind1="1" ind2=" " tag="100"><subfield code="a">Boeckh, August</subfield><subfield code="0">(RERO)A003017899</subfield><subfield code="4">cre</subfield></datafield><datafield ind1="1" ind2="0" tag="245"><subfield code="a">Briefwechsel über eine attische Inschrift zwischen A. Boeckh und K.O. Mueller aus dem Jahre 1835</subfield><subfield code="b">als Ergänzung des 1883 erschienenen Briefwechsels der beiden Gelehrten</subfield><subfield code="c">mitgeteilt von F. Hiller von Gaertringen</subfield></datafield><datafield ind1=" " ind2="1" tag="264"><subfield code="a">Leipzig [u.a.]</subfield><subfield code="b">B.G. Teubner</subfield><subfield code="c">1908</subfield></datafield><datafield ind1=" " ind2=" " tag="300"><subfield code="a">VI, 44 S.</subfield><subfield code="b">graph. Darst.</subfield></datafield><datafield ind1=" " ind2=" " tag="336"><subfield code="b">txt</subfield><subfield code="2">rdacontent</subfield></datafield><datafield ind1=" " ind2=" " tag="337"><subfield code="b">n</subfield><subfield code="2">rdamedia</subfield></datafield><datafield ind1=" " ind2=" " tag="338"><subfield code="b">nc</subfield><subfield code="2">rdacarrier</subfield></datafield><datafield ind1="1" ind2=" " tag="700"><subfield code="a">Hiller von Gaertringen, Friedrich</subfield><subfield code="d">1864-1947</subfield><subfield code="0">(IDREF)030770017</subfield></datafield><datafield ind1="1" ind2=" " tag="700"><subfield code="a">Müller, Karl Otfried</subfield><subfield code="d">1797-1840</subfield><subfield code="0">(IDREF)053464974</subfield></datafield><datafield ind1=" " ind2=" " tag="900"><subfield code="a">REROnoselfmerge</subfield></datafield><datafield ind1=" " ind2=" " tag="910"><subfield code="a">HEBIS</subfield><subfield code="b">20131115</subfield><subfield code="c">Droits réservés</subfield></datafield></record>
</metadata></record>