<record><header><identifier>oai:alma.41SLSP_UGE:991000104079705502</identifier><datestamp>2023-03-17T01:52:38Z</datestamp><setSpec>uge_bcen_RapidILL_BOOK</setSpec><setSpec>uge_aaca_RapidILL_BOOK</setSpec><setSpec>uge_abels_RapidILL_BOOK</setSpec><setSpec>uge_dbu_RapidILL_BOOK</setSpec><setSpec>uge_cmu_RapidILL_BOOK</setSpec><setSpec>uge_mail_RapidILL_BOOK</setSpec><setSpec>uge_abbat_RapidILL_BOOK</setSpec><setSpec>UNIGE_ALL</setSpec><setSpec>uge_acar_RapidILL_BOOK</setSpec><setSpec>uge_aobs_RapidILL_BOOK</setSpec></header><metadata>
<record xmlns="http://www.loc.gov/MARC21/slim" xmlns:xsi="http://www.w3.org/2001/XMLSchema-instance" xsi:schemaLocation="http://www.loc.gov/MARC21/slim http://www.loc.gov/standards/marcxml/schema/MARC21slim.xsd"><leader>02586nam a2200313 c 4500</leader><controlfield tag="001">991000104079705502</controlfield><controlfield tag="005">20230316200447.0</controlfield><controlfield tag="008">170323s2017    fr ||||| |||| 00| ||fre d</controlfield><datafield ind1=" " ind2=" " tag="020"><subfield code="a">9782356921512</subfield><subfield code="c">€ 25.-</subfield></datafield><datafield ind1="7" ind2=" " tag="024"><subfield code="a">http://catalogue.bnf.fr/ark:/12148/cb452300035</subfield><subfield code="2">uri</subfield></datafield><datafield ind1=" " ind2=" " tag="035"><subfield code="a">(swissbib)123728568-41slsp_network</subfield></datafield><datafield ind1=" " ind2=" " tag="035"><subfield code="a">123728568</subfield><subfield code="9">ExL</subfield></datafield><datafield ind1=" " ind2=" " tag="035"><subfield code="a">(RERO)R008619651-41slsp</subfield></datafield><datafield ind1=" " ind2=" " tag="035"><subfield code="a">(EXLNZ-41SLSP_NETWORK)991066745019705501</subfield></datafield><datafield ind1=" " ind2=" " tag="040"><subfield code="a">RERO geulha</subfield><subfield code="d">CH-ZuSLS</subfield></datafield><datafield ind1=" " ind2="7" tag="072"><subfield code="a">ba</subfield><subfield code="2">rero</subfield></datafield><datafield ind1="0" ind2="0" tag="245"><subfield code="a">&lt;&lt;Le&gt;&gt; silence dans les arts visuels</subfield><subfield code="b">[actes de la journée d'étude de Besançon, Centre de Recherches Interdisciplinaires et Transculturelles, 10 avril 2015]</subfield><subfield code="c">sous la dir. d'Adrienne Boutang et Nathalie Pavec</subfield></datafield><datafield ind1=" " ind2="1" tag="264"><subfield code="a">Paris</subfield><subfield code="b">M. Houdiard</subfield><subfield code="c">2017</subfield></datafield><datafield ind1=" " ind2=" " tag="300"><subfield code="a">199 p.</subfield><subfield code="b">pl. en noir et en coul.</subfield><subfield code="c">24 cm</subfield></datafield><datafield ind1=" " ind2=" " tag="336"><subfield code="b">txt</subfield><subfield code="2">rdacontent</subfield></datafield><datafield ind1=" " ind2=" " tag="337"><subfield code="b">n</subfield><subfield code="2">rdamedia</subfield></datafield><datafield ind1=" " ind2=" " tag="338"><subfield code="b">nc</subfield><subfield code="2">rdacarrier</subfield></datafield><datafield ind1="0" ind2=" " tag="505"><subfield code="a">Nathalie Pavec: Introduction. - Ouverture (Jean-Claude Schneider: Mots sous le muet). - L'éloquence du silence : gestes, cris et chuchotements (Marina Seretti: Formules du silence et sommeil de peinture aux XVIᵉ et XVIIᵉ siècles. - Jean-Marc Victor: Ralph Eugene Meatyard : le cri et le secret. - Karine Chambefort: Images de manifestations en Grande-Bretagne : les silences éloquents de la photographie). - Radicalités : le silence prend position (Philippe Bazin: Lewis Baltz, un arpenteur muet. - Hélène Valance: &quot;Aux extrêmes confins de la peinture&quot; : l'art négatif du nocturne aux Etats-Unis au tournant du XXᵉ siècle. - Pauline Chevalier: Silence minimal : espace et bruit de fond de John Cage à Robert Morris). - De l'extinction des voix à la coupure du son : une résistance par le silence (Valérie Morisson: Silence et mutisme dans les performances durationnelles d'Helena Walsh et Amanda Coogan. - Louis Daubresse: &quot;Few of us&quot; de Sharunas Bartas : un territoire silencieux pour quelques-uns d'entre nous. - Romain Lefebvre Paroles aux images : le silence chez Jonas Mekas et Jean-Luc Godard). - Les choses sans les mots : le langage des images (Arnaud Macé: La matière et le sens : notes sur le langage silencieux des choses au cinéma. - Adrienne Boutang: La valeur du silence : de la critique aux œuvres)</subfield></datafield><datafield ind1=" " ind2="7" tag="650"><subfield code="a">Art</subfield><subfield code="0">(IDREF)027269302</subfield><subfield code="2">idref</subfield></datafield><datafield ind1=" " ind2="7" tag="650"><subfield code="a">Silence</subfield><subfield code="0">(IDREF)027291677</subfield><subfield code="2">idref</subfield></datafield><datafield ind1=" " ind2="7" tag="650"><subfield code="a">Perception des images</subfield><subfield code="0">(IDREF)028701461</subfield><subfield code="2">idref</subfield></datafield><datafield ind1=" " ind2="7" tag="655"><subfield code="a">Actes de congrès</subfield><subfield code="0">(IDREF)02886431X</subfield><subfield code="2">idref</subfield></datafield><datafield ind1="1" ind2=" " tag="700"><subfield code="a">Boutang, Adrienne</subfield><subfield code="0">(IDREF)152542663</subfield></datafield><datafield ind1="1" ind2=" " tag="700"><subfield code="a">Pavec, Nathalie</subfield><subfield code="d">1969-....</subfield><subfield code="0">(IDREF)098613332</subfield></datafield><datafield ind1=" " ind2=" " tag="900"><subfield code="a">REROnoselfmerge</subfield></datafield><datafield ind1=" " ind2=" " tag="993"><subfield code="a">BFLA 278100</subfield><subfield code="x">ge/ulha/a/17/0829</subfield><subfield code="9">LOCAL</subfield></datafield></record>
</metadata></record>