<record><header><identifier>oai:alma.41SLSP_UGE:991000103979705502</identifier><datestamp>2023-04-16T00:12:18Z</datestamp><setSpec>uge_bcen_RapidILL_BOOK</setSpec><setSpec>uge_aaca_RapidILL_BOOK</setSpec><setSpec>uge_abels_RapidILL_BOOK</setSpec><setSpec>uge_dbu_RapidILL_BOOK</setSpec><setSpec>uge_cmu_RapidILL_BOOK</setSpec><setSpec>uge_mail_RapidILL_BOOK</setSpec><setSpec>UNIGE_ALL</setSpec><setSpec>uge_abbat_RapidILL_BOOK</setSpec><setSpec>uge_aobs_RapidILL_BOOK</setSpec><setSpec>uge_acar_RapidILL_BOOK</setSpec></header><metadata>
<record xmlns="http://www.loc.gov/MARC21/slim" xmlns:xsi="http://www.w3.org/2001/XMLSchema-instance" xsi:schemaLocation="http://www.loc.gov/MARC21/slim http://www.loc.gov/standards/marcxml/schema/MARC21slim.xsd"><leader>02158nam a2200529 c 4500</leader><controlfield tag="001">991000103979705502</controlfield><controlfield tag="005">20230315211039.0</controlfield><controlfield tag="008">201012s1991    fr ||||| |||| 00| ||fre d</controlfield><datafield ind1=" " ind2=" " tag="020"><subfield code="a">271782152X</subfield></datafield><datafield ind1="7" ind2=" " tag="024"><subfield code="a">http://catalogue.bnf.fr/ark:/12148/cb36652866w</subfield><subfield code="2">uri</subfield></datafield><datafield ind1=" " ind2=" " tag="035"><subfield code="a">(swissbib)239649036-41slsp_network</subfield></datafield><datafield ind1=" " ind2=" " tag="035"><subfield code="a">239649036</subfield><subfield code="9">ExL</subfield></datafield><datafield ind1=" " ind2=" " tag="035"><subfield code="a">(RERO)1491396-41slsp</subfield></datafield><datafield ind1=" " ind2=" " tag="035"><subfield code="a">(NEBIS)001197177EBI01</subfield></datafield><datafield ind1=" " ind2=" " tag="035"><subfield code="a">(EXLNZ-41SLSP_NETWORK)991090656339705501</subfield></datafield><datafield ind1=" " ind2=" " tag="040"><subfield code="a">RERO laisdc</subfield><subfield code="d">CH-ZuSLS</subfield></datafield><datafield ind1=" " ind2="7" tag="072"><subfield code="a">dr</subfield><subfield code="2">rero</subfield></datafield><datafield ind1="0" ind2="4" tag="082"><subfield code="a">342</subfield><subfield code="b">GAI</subfield></datafield><datafield ind1="1" ind2="4" tag="082"><subfield code="a">342.4402</subfield></datafield><datafield ind1=" " ind2=" " tag="084"><subfield code="a">CA/F 34 h</subfield><subfield code="2">cjurrom</subfield></datafield><datafield ind1=" " ind2=" " tag="084"><subfield code="a">D 13 h</subfield><subfield code="2">cjurrom</subfield></datafield><datafield ind1=" " ind2=" " tag="084"><subfield code="a">CA/F 34.2 h</subfield><subfield code="2">cjurrom</subfield></datafield><datafield ind1="1" ind2=" " tag="100"><subfield code="a">Gaïa, Patrick</subfield><subfield code="d">1956-</subfield><subfield code="0">(DE-588)1160335583</subfield><subfield code="6">880-01</subfield></datafield><datafield ind1="1" ind2=" " tag="880"><subfield code="6">100-01</subfield><subfield code="a">Gaïa, Patrick</subfield><subfield code="c">juriste</subfield><subfield code="d">1956-....</subfield><subfield code="0">(IDREF)031014771</subfield><subfield code="4">cre</subfield></datafield><datafield ind1="1" ind2="0" tag="245"><subfield code="a">&lt;&lt;Le&gt;&gt; Conseil constitutionnel et l'insertion des engagements internationaux dans l'ordre juridique interne</subfield><subfield code="b">contribution à l'étude des articles 53 et 54 de la Constitution</subfield><subfield code="c">Patrick Gaïa ; préf. de Louis Favoreu</subfield></datafield><datafield ind1=" " ind2="1" tag="264"><subfield code="a">Paris</subfield><subfield code="b">Economica</subfield><subfield code="a">Aix-en-Provence</subfield><subfield code="b">Presses universitaires d'Aix-Marseille</subfield><subfield code="c">1991</subfield></datafield><datafield ind1=" " ind2=" " tag="300"><subfield code="a">VIII, 406 p.</subfield><subfield code="c">24 cm</subfield></datafield><datafield ind1=" " ind2=" " tag="336"><subfield code="b">txt</subfield><subfield code="2">rdacontent</subfield></datafield><datafield ind1=" " ind2=" " tag="337"><subfield code="b">n</subfield><subfield code="2">rdamedia</subfield></datafield><datafield ind1=" " ind2=" " tag="338"><subfield code="b">nc</subfield><subfield code="2">rdacarrier</subfield></datafield><datafield ind1="1" ind2=" " tag="490"><subfield code="a">Collection Droit public positif</subfield></datafield><datafield ind1=" " ind2=" " tag="504"><subfield code="a">Bibliogr</subfield></datafield><datafield ind1=" " ind2=" " tag="504"><subfield code="a">Literaturverz.</subfield></datafield><datafield ind1="2" ind2="7" tag="610"><subfield code="a">France</subfield><subfield code="b">Conseil constitutionnel</subfield><subfield code="0">(IDREF)027742237</subfield><subfield code="2">idref</subfield></datafield><datafield ind1="1" ind2="7" tag="610"><subfield code="a">Frankreich</subfield><subfield code="b">Conseil constitutionnel</subfield><subfield code="0">(DE-588)36009-0</subfield><subfield code="2">gnd</subfield></datafield><datafield ind1="1" ind2="7" tag="610"><subfield code="a">Frankreich; Conseil Constitutionnel</subfield><subfield code="2">idszbz</subfield></datafield><datafield ind1="1" ind2="0" tag="610"><subfield code="a">France</subfield><subfield code="b">Conseil constitutionnel</subfield></datafield><datafield ind1=" " ind2="7" tag="650"><subfield code="a">traité international - application</subfield><subfield code="0">(RERO)A010159799</subfield><subfield code="2">rerovoc</subfield></datafield><datafield ind1=" " ind2="7" tag="650"><subfield code="a">Contrôle juridictionnel des lois</subfield><subfield code="0">(IDREF)027740471</subfield><subfield code="2">idref</subfield></datafield><datafield ind1=" " ind2="7" tag="650"><subfield code="a">Innerstaatliches Recht</subfield><subfield code="0">(DE-588)4161814-2</subfield><subfield code="2">gnd</subfield></datafield><datafield ind1=" " ind2="7" tag="650"><subfield code="a">Völkerrecht</subfield><subfield code="0">(DE-588)4063693-8</subfield><subfield code="2">gnd</subfield></datafield><datafield ind1=" " ind2="7" tag="650"><subfield code="a">Völkerrechtlicher Vertrag</subfield><subfield code="0">(DE-588)4063696-3</subfield><subfield code="2">gnd</subfield></datafield><datafield ind1=" " ind2="7" tag="650"><subfield code="a">Landesrecht</subfield><subfield code="2">idszbz</subfield></datafield><datafield ind1=" " ind2="7" tag="650"><subfield code="a">Völkerrecht</subfield><subfield code="2">idszbz</subfield></datafield><datafield ind1=" " ind2="0" tag="650"><subfield code="a">International and municipal law</subfield><subfield code="z">France</subfield></datafield><datafield ind1=" " ind2="0" tag="650"><subfield code="a">Judicial review</subfield><subfield code="z">France</subfield></datafield><datafield ind1=" " ind2=" " tag="830"><subfield code="a">Droit public positif</subfield><subfield code="w">(RERO)0397120-41slsp</subfield></datafield><datafield ind1=" " ind2=" " tag="900"><subfield code="a">REROnoselfmerge</subfield></datafield></record>
</metadata></record>