<record><header><identifier>oai:alma.41SLSP_UGE:991000104399705502</identifier><datestamp>2023-03-01T01:10:26Z</datestamp><setSpec>uge_bcen_RapidILL_BOOK</setSpec><setSpec>uge_aaca_RapidILL_BOOK</setSpec><setSpec>uge_abels_RapidILL_BOOK</setSpec><setSpec>uge_dbu_RapidILL_BOOK</setSpec><setSpec>uge_cmu_RapidILL_BOOK</setSpec><setSpec>uge_mail_RapidILL_BOOK</setSpec><setSpec>UNIGE_ALL</setSpec><setSpec>uge_abbat_RapidILL_BOOK</setSpec><setSpec>uge_aobs_RapidILL_BOOK</setSpec><setSpec>uge_acar_RapidILL_BOOK</setSpec></header><metadata>
<record xmlns="http://www.loc.gov/MARC21/slim" xmlns:xsi="http://www.w3.org/2001/XMLSchema-instance" xsi:schemaLocation="http://www.loc.gov/MARC21/slim http://www.loc.gov/standards/marcxml/schema/MARC21slim.xsd"><leader>01085nam a2200277 c 4500</leader><controlfield tag="001">991000104399705502</controlfield><controlfield tag="005">20201222201725.0</controlfield><controlfield tag="008">140613s2008    gw ||||| |||| 00| |0eng d</controlfield><datafield ind1=" " ind2=" " tag="035"><subfield code="a">(swissbib)11990876X-41slsp_network</subfield></datafield><datafield ind1=" " ind2=" " tag="035"><subfield code="a">11990876X</subfield><subfield code="9">ExL</subfield></datafield><datafield ind1=" " ind2=" " tag="035"><subfield code="a">(RERO)R007766812-41slsp</subfield></datafield><datafield ind1=" " ind2=" " tag="035"><subfield code="a">(EXLNZ-41SLSP_NETWORK)991003983099705501</subfield></datafield><datafield ind1=" " ind2=" " tag="040"><subfield code="a">RERO geubfd</subfield><subfield code="d">CH-ZuSLS</subfield></datafield><datafield ind1=" " ind2="7" tag="072"><subfield code="a">se</subfield><subfield code="2">rero</subfield></datafield><datafield ind1=" " ind2=" " tag="084"><subfield code="a">CA/CE 53 g</subfield><subfield code="2">cjurrom</subfield></datafield><datafield ind1="0" ind2="0" tag="245"><subfield code="a">10e anniversaire de la BCE</subfield><subfield code="b">1998-2008</subfield><subfield code="c">Banque centrale européeenne</subfield></datafield><datafield ind1=" " ind2="1" tag="264"><subfield code="a">Frankfurt a. M.</subfield><subfield code="b">Banque centrale européenne</subfield><subfield code="c">2008</subfield></datafield><datafield ind1=" " ind2=" " tag="300"><subfield code="a">161 p.</subfield></datafield><datafield ind1=" " ind2=" " tag="336"><subfield code="b">txt</subfield><subfield code="2">rdacontent</subfield></datafield><datafield ind1=" " ind2=" " tag="337"><subfield code="b">n</subfield><subfield code="2">rdamedia</subfield></datafield><datafield ind1=" " ind2=" " tag="338"><subfield code="b">nc</subfield><subfield code="2">rdacarrier</subfield></datafield><datafield ind1="1" ind2=" " tag="490"><subfield code="a">Bulletin mensuel / Banque centrale européenne</subfield><subfield code="v">2008, n° spécial</subfield></datafield><datafield ind1=" " ind2=" " tag="580"><subfield code="a">Ed. anglaise : 10th anniversary of the ECB : 1998-2008 / European Central Bank</subfield></datafield><datafield ind1="2" ind2=" " tag="710"><subfield code="a">Banque centrale européenne</subfield><subfield code="0">(IDREF)035582480</subfield></datafield><datafield ind1="0" ind2=" " tag="775"><subfield code="t">10th anniversary of the ECB : 1998-2008 / European Central Bank</subfield></datafield><datafield ind1=" " ind2=" " tag="830"><subfield code="a">Bulletin mensuel / Banque centrale européenne</subfield><subfield code="v">2008, n° spécial</subfield><subfield code="w">(RERO)R251450360-41slsp</subfield></datafield><datafield ind1=" " ind2=" " tag="900"><subfield code="a">REROnoselfmerge</subfield></datafield></record>
</metadata></record>