<record><header><identifier>oai:alma.41SLSP_UGE:991000104819705502</identifier><datestamp>2023-03-03T01:07:27Z</datestamp><setSpec>uge_bcen_RapidILL_BOOK</setSpec><setSpec>uge_aaca_RapidILL_BOOK</setSpec><setSpec>uge_abels_RapidILL_BOOK</setSpec><setSpec>uge_dbu_RapidILL_BOOK</setSpec><setSpec>uge_cmu_RapidILL_BOOK</setSpec><setSpec>uge_mail_RapidILL_BOOK</setSpec><setSpec>uge_abbat_RapidILL_BOOK</setSpec><setSpec>UNIGE_ALL</setSpec><setSpec>uge_aobs_RapidILL_BOOK</setSpec><setSpec>uge_acar_RapidILL_BOOK</setSpec></header><metadata>
<record xmlns="http://www.loc.gov/MARC21/slim" xmlns:xsi="http://www.w3.org/2001/XMLSchema-instance" xsi:schemaLocation="http://www.loc.gov/MARC21/slim http://www.loc.gov/standards/marcxml/schema/MARC21slim.xsd"><leader>02265nam a2200325 c 4500</leader><controlfield tag="001">991000104819705502</controlfield><controlfield tag="005">20230302182345.0</controlfield><controlfield tag="008">040416s2004    sz ||||| m||| 00| ||fre d</controlfield><datafield ind1=" " ind2=" " tag="019"><subfield code="a">Catalogage décrit: l'ex. de thèse</subfield><subfield code="5">RERO/gevbpu/04.2004</subfield></datafield><datafield ind1=" " ind2=" " tag="035"><subfield code="a">(swissbib)100468748-41slsp_network</subfield></datafield><datafield ind1=" " ind2=" " tag="035"><subfield code="a">100468748</subfield><subfield code="9">ExL</subfield></datafield><datafield ind1=" " ind2=" " tag="035"><subfield code="a">(RERO)R003618836-41slsp</subfield></datafield><datafield ind1=" " ind2=" " tag="035"><subfield code="a">(EXLNZ-41SLSP_NETWORK)991006855549705501</subfield></datafield><datafield ind1=" " ind2=" " tag="040"><subfield code="a">RERO gevbpu</subfield><subfield code="d">CH-ZuSLS</subfield></datafield><datafield ind1=" " ind2=" " tag="044"><subfield code="a">sz</subfield><subfield code="c">ch-ge</subfield></datafield><datafield ind1=" " ind2="7" tag="072"><subfield code="a">ps</subfield><subfield code="2">rero</subfield></datafield><datafield ind1="1" ind2=" " tag="100"><subfield code="a">Bänziger, Tanja</subfield><subfield code="0">(RERO)A009620367</subfield><subfield code="4">cre</subfield></datafield><datafield ind1="1" ind2="0" tag="245"><subfield code="a">Communication vocale des émotions</subfield><subfield code="b">perception de l'expression vocale et attributions émotionnelles</subfield><subfield code="c">par Tanja Bänziger</subfield></datafield><datafield ind1=" " ind2="1" tag="264"><subfield code="a">Genève</subfield><subfield code="b">[éditeur non identifié]</subfield><subfield code="c">2004</subfield></datafield><datafield ind1=" " ind2=" " tag="300"><subfield code="a">239, XXXIX f.</subfield><subfield code="b">ill.</subfield><subfield code="c">30 cm</subfield></datafield><datafield ind1=" " ind2=" " tag="336"><subfield code="b">txt</subfield><subfield code="2">rdacontent</subfield></datafield><datafield ind1=" " ind2=" " tag="337"><subfield code="b">n</subfield><subfield code="2">rdamedia</subfield></datafield><datafield ind1=" " ind2=" " tag="338"><subfield code="b">nc</subfield><subfield code="2">rdacarrier</subfield></datafield><datafield ind1=" " ind2=" " tag="502"><subfield code="a">Th. psychol. Genève, 2004 ; FPE 325</subfield></datafield><datafield ind1=" " ind2=" " tag="508"><subfield code="a">Directeur de thèse: Professeur Klaus R. Scherer</subfield></datafield><datafield ind1="8" ind2=" " tag="520"><subfield code="a">Dans cette thèse, le paradigme du modèle en lentille (&quot;lens model&quot; de Brunswik, 1956) a été utilisé pour examiner la communication vocale de quatre types d'émotions (peur, colère, tristesse, joie) et de deux niveaux d'activation émotionnelle (faible, fort). Dans le cadre de ce paradigme, l'encodage (production) et le décodage (perception) des expressions émotionnelles ont été étudiés</subfield><subfield code="5">RERO/geudbu/07.2004</subfield></datafield><datafield ind1="8" ind2=" " tag="520"><subfield code="a">Des paramètres acoustiques, d'une part, et des caractéristiques vocales perçues, d'autre part ont été obtenus pour 144 expressions émotionnelles simulées par des acteurs. La possibilité de modéliser la communication (encodage et décodage) de la colère, de la peur, de la joie et de la tristesse en utilisant les caractéristiques vocales acoustiques et/ou perçues a été examinée. Un léger avantage pour les modèles basés sur les caractéristiques vocales perçues a été observé. La possibilité d'améliorer la description acoustique des expressions émotionnelles en analysant des aspects de l'intonation relatifs aux contours de F0 a été examinée</subfield><subfield code="5">RERO/geudbu/07.20047</subfield></datafield><datafield ind1=" " ind2="7" tag="650"><subfield code="a">Communication</subfield><subfield code="0">(IDREF)027321657</subfield><subfield code="2">idref</subfield></datafield><datafield ind1=" " ind2="7" tag="650"><subfield code="a">Voix</subfield><subfield code="0">(IDREF)027319113</subfield><subfield code="2">idref</subfield></datafield><datafield ind1=" " ind2="7" tag="650"><subfield code="a">Émotions</subfield><subfield code="0">(IDREF)027387402</subfield><subfield code="2">idref</subfield></datafield><datafield ind1=" " ind2=" " tag="900"><subfield code="a">REROnoselfmerge</subfield></datafield></record>
</metadata></record>