<record><header><identifier>oai:alma.41SLSP_UGE:991000104609705502</identifier><datestamp>2023-04-12T00:11:47Z</datestamp><setSpec>uge_bcen_RapidILL_BOOK</setSpec><setSpec>uge_aaca_RapidILL_BOOK</setSpec><setSpec>uge_abels_RapidILL_BOOK</setSpec><setSpec>uge_dbu_RapidILL_BOOK</setSpec><setSpec>uge_cmu_RapidILL_BOOK</setSpec><setSpec>uge_mail_RapidILL_BOOK</setSpec><setSpec>uge_abbat_RapidILL_BOOK</setSpec><setSpec>UNIGE_ALL</setSpec><setSpec>uge_acar_RapidILL_BOOK</setSpec><setSpec>uge_aobs_RapidILL_BOOK</setSpec></header><metadata>
<record xmlns="http://www.loc.gov/MARC21/slim" xmlns:xsi="http://www.w3.org/2001/XMLSchema-instance" xsi:schemaLocation="http://www.loc.gov/MARC21/slim http://www.loc.gov/standards/marcxml/schema/MARC21slim.xsd"><leader>00968nam a2200301 c 4500</leader><controlfield tag="001">991000104609705502</controlfield><controlfield tag="005">20230411164907.0</controlfield><controlfield tag="008">030703s2003    xxk||||| |||| 00| ||eng d</controlfield><datafield ind1=" " ind2=" " tag="020"><subfield code="a">0300090714</subfield><subfield code="q">cloth</subfield></datafield><datafield ind1=" " ind2=" " tag="020"><subfield code="a">0300099533</subfield><subfield code="q">pbk.</subfield></datafield><datafield ind1=" " ind2=" " tag="035"><subfield code="a">(swissbib)099142333-41slsp_network</subfield></datafield><datafield ind1=" " ind2=" " tag="035"><subfield code="a">099142333</subfield><subfield code="9">ExL</subfield></datafield><datafield ind1=" " ind2=" " tag="035"><subfield code="a">(RERO)R003381398-41slsp</subfield></datafield><datafield ind1=" " ind2=" " tag="035"><subfield code="a">(EXLNZ-41SLSP_NETWORK)991119416559705501</subfield></datafield><datafield ind1=" " ind2=" " tag="040"><subfield code="a">RERO labcud</subfield><subfield code="d">CH-ZuSLS</subfield></datafield><datafield ind1=" " ind2="7" tag="072"><subfield code="a">hm</subfield><subfield code="2">rero</subfield></datafield><datafield ind1=" " ind2="7" tag="072"><subfield code="a">ht</subfield><subfield code="2">rero</subfield></datafield><datafield ind1="1" ind2=" " tag="100"><subfield code="a">Steele, Valerie</subfield><subfield code="d">1955-....</subfield><subfield code="0">(IDREF)035531444</subfield><subfield code="4">cre</subfield></datafield><datafield ind1="1" ind2="0" tag="245"><subfield code="a">&lt;&lt;The&gt;&gt; corset</subfield><subfield code="b">a cultural history</subfield><subfield code="c">Valerie Steele</subfield></datafield><datafield ind1=" " ind2=" " tag="250"><subfield code="a">2e éd.</subfield></datafield><datafield ind1=" " ind2="1" tag="264"><subfield code="a">New Haven</subfield><subfield code="a">London</subfield><subfield code="b">Yale University Press</subfield><subfield code="c">2003</subfield></datafield><datafield ind1=" " ind2=" " tag="300"><subfield code="a">VII, 199 p.</subfield><subfield code="b">ill.</subfield><subfield code="c">28 cm</subfield></datafield><datafield ind1=" " ind2=" " tag="336"><subfield code="b">txt</subfield><subfield code="2">rdacontent</subfield></datafield><datafield ind1=" " ind2=" " tag="337"><subfield code="b">n</subfield><subfield code="2">rdamedia</subfield></datafield><datafield ind1=" " ind2=" " tag="338"><subfield code="b">nc</subfield><subfield code="2">rdacarrier</subfield></datafield><datafield ind1=" " ind2="7" tag="650"><subfield code="a">2500 av. J.-C.-20e siècle</subfield><subfield code="0">(RERO)A026984216</subfield><subfield code="2">rero</subfield></datafield><datafield ind1=" " ind2="7" tag="650"><subfield code="a">Corsets</subfield><subfield code="0">(IDREF)032203586</subfield><subfield code="2">idref</subfield></datafield><datafield ind1=" " ind2="7" tag="650"><subfield code="a">Antiquité</subfield><subfield code="0">(IDREF)027789888</subfield><subfield code="2">idref</subfield></datafield><datafield ind1=" " ind2=" " tag="900"><subfield code="a">REROnoselfmerge</subfield></datafield></record>
</metadata></record>