<record><header><identifier>oai:alma.41SLSP_UGE:991000103989705502</identifier><datestamp>2023-04-10T00:15:40Z</datestamp><setSpec>uge_bcen_RapidILL_BOOK</setSpec><setSpec>uge_aaca_RapidILL_BOOK</setSpec><setSpec>uge_abels_RapidILL_BOOK</setSpec><setSpec>uge_dbu_RapidILL_BOOK</setSpec><setSpec>uge_cmu_RapidILL_BOOK</setSpec><setSpec>uge_mail_RapidILL_BOOK</setSpec><setSpec>uge_abbat_RapidILL_BOOK</setSpec><setSpec>UNIGE_ALL</setSpec><setSpec>uge_acar_RapidILL_BOOK</setSpec><setSpec>uge_aobs_RapidILL_BOOK</setSpec></header><metadata>
<record xmlns="http://www.loc.gov/MARC21/slim" xmlns:xsi="http://www.w3.org/2001/XMLSchema-instance" xsi:schemaLocation="http://www.loc.gov/MARC21/slim http://www.loc.gov/standards/marcxml/schema/MARC21slim.xsd"><leader>02265nam a2200577 c 4500</leader><controlfield tag="001">991000103989705502</controlfield><controlfield tag="005">20230409191116.0</controlfield><controlfield tag="008">201012s2019    ne       b||| 001 0 eng| </controlfield><datafield ind1=" " ind2=" " tag="010"><subfield code="a">2018054483</subfield></datafield><datafield ind1=" " ind2=" " tag="020"><subfield code="a">9789004384606</subfield><subfield code="q">eBook</subfield></datafield><datafield ind1=" " ind2=" " tag="020"><subfield code="a">9789004384590</subfield><subfield code="q">hardback</subfield></datafield><datafield ind1=" " ind2=" " tag="035"><subfield code="a">(swissbib)235736783-41slsp_network</subfield></datafield><datafield ind1=" " ind2=" " tag="035"><subfield code="a">235736783</subfield><subfield code="9">ExL</subfield></datafield><datafield ind1=" " ind2=" " tag="035"><subfield code="a">(NEBIS)011334248EBI01</subfield></datafield><datafield ind1=" " ind2=" " tag="035"><subfield code="a">(RERO)R008896509-41slsp</subfield></datafield><datafield ind1=" " ind2=" " tag="035"><subfield code="a">(OCoLC)1056198527</subfield></datafield><datafield ind1=" " ind2=" " tag="035"><subfield code="a">(EXLNZ-41SLSP_NETWORK)991032679899705501</subfield></datafield><datafield ind1=" " ind2=" " tag="040"><subfield code="a">DLC</subfield><subfield code="b">ger</subfield><subfield code="e">rda</subfield><subfield code="d">CH-ZuSLS</subfield></datafield><datafield ind1=" " ind2=" " tag="042"><subfield code="a">pcc</subfield></datafield><datafield ind1=" " ind2=" " tag="043"><subfield code="a">e-fr---</subfield></datafield><datafield ind1="0" ind2="0" tag="050"><subfield code="a">PQ245</subfield><subfield code="b">.P67 2019</subfield></datafield><datafield ind1=" " ind2="7" tag="072"><subfield code="a">fr</subfield><subfield code="2">rero</subfield></datafield><datafield ind1="0" ind2="0" tag="082"><subfield code="a">840.9/005</subfield><subfield code="2">23</subfield></datafield><datafield ind1="1" ind2="4" tag="082"><subfield code="a">840</subfield><subfield code="2">15</subfield></datafield><datafield ind1="0" ind2="0" tag="245"><subfield code="a">Les portraits dans les récits factuels et fictionnels de l'époque classique</subfield><subfield code="c">édité par Marc Hersant, Catherine Ramond</subfield></datafield><datafield ind1=" " ind2="1" tag="264"><subfield code="a">Leiden</subfield><subfield code="b">Brill Rodopi</subfield><subfield code="c">[2019]</subfield></datafield><datafield ind1=" " ind2="4" tag="264"><subfield code="c">© 2019</subfield></datafield><datafield ind1=" " ind2=" " tag="300"><subfield code="a">xx, 529 Seiten</subfield></datafield><datafield ind1=" " ind2=" " tag="336"><subfield code="b">txt</subfield><subfield code="2">rdacontent</subfield></datafield><datafield ind1=" " ind2=" " tag="337"><subfield code="b">n</subfield><subfield code="2">rdamedia</subfield></datafield><datafield ind1=" " ind2=" " tag="338"><subfield code="b">nc</subfield><subfield code="2">rdacarrier</subfield></datafield><datafield ind1="1" ind2=" " tag="490"><subfield code="a">Faux titre</subfield><subfield code="v">volume 430</subfield></datafield><datafield ind1=" " ind2=" " tag="504"><subfield code="a">Includes bibliographical references and index</subfield></datafield><datafield ind1=" " ind2="7" tag="648"><subfield code="a">Geschichte 1600-1800</subfield><subfield code="2">gnd</subfield></datafield><datafield ind1=" " ind2="7" tag="650"><subfield code="a">Prosa</subfield><subfield code="0">(DE-588)4047497-5</subfield><subfield code="2">gnd</subfield></datafield><datafield ind1=" " ind2="7" tag="650"><subfield code="a">Nichtfiktionale Prosa</subfield><subfield code="0">(DE-588)4221390-3</subfield><subfield code="2">gnd</subfield></datafield><datafield ind1=" " ind2="7" tag="650"><subfield code="a">Französisch</subfield><subfield code="0">(DE-588)4113615-9</subfield><subfield code="2">gnd</subfield></datafield><datafield ind1=" " ind2="7" tag="650"><subfield code="a">Literarisches Porträt</subfield><subfield code="0">(DE-588)4167855-2</subfield><subfield code="2">gnd</subfield></datafield><datafield ind1=" " ind2="0" tag="650"><subfield code="a">French literature</subfield><subfield code="y">17th century</subfield><subfield code="x">History and criticism</subfield></datafield><datafield ind1=" " ind2="0" tag="650"><subfield code="a">Portraits in literature</subfield></datafield><datafield ind1=" " ind2="7" tag="650"><subfield code="a">Littérature française</subfield><subfield code="0">(IDREF)027236935</subfield><subfield code="2">idref</subfield></datafield><datafield ind1=" " ind2="7" tag="650"><subfield code="a">Portraits (genre littéraire)</subfield><subfield code="0">(IDREF)027243397</subfield><subfield code="2">idref</subfield></datafield><datafield ind1=" " ind2="7" tag="650"><subfield code="a">Portraits</subfield><subfield code="0">(IDREF)027243400</subfield><subfield code="2">idref</subfield></datafield><datafield ind1=" " ind2="7" tag="650"><subfield code="a">17e siècle</subfield><subfield code="0">(IDREF)027794040</subfield><subfield code="2">idref</subfield></datafield><datafield ind1=" " ind2="7" tag="655"><subfield code="a">[Études diverses]</subfield><subfield code="0">(RERO)A022249905</subfield><subfield code="2">rero</subfield></datafield><datafield ind1="1" ind2=" " tag="700"><subfield code="6">880-02</subfield><subfield code="a">Hersant, Marc</subfield><subfield code="d">1961-</subfield><subfield code="0">(DE-588)138312338</subfield><subfield code="4">edt</subfield></datafield><datafield ind1="1" ind2=" " tag="880"><subfield code="6">700-02</subfield><subfield code="a">Hersant, Marc</subfield><subfield code="d">1961-....</subfield><subfield code="0">(IDREF)097720070</subfield><subfield code="4">edt</subfield></datafield><datafield ind1="4" ind2=" " tag="856"><subfield code="3">Titelblatt und Inhaltsverzeichnis</subfield><subfield code="u">https://toc.library.ethz.ch/objects/pdf03/z01_978-90-04-38459-0_01.pdf</subfield><subfield code="q">pdf</subfield></datafield><datafield ind1=" " ind2=" " tag="830"><subfield code="a">Faux titre</subfield><subfield code="v">430</subfield><subfield code="w">(NEBIS)001013908EBI01</subfield></datafield><datafield ind1=" " ind2=" " tag="900"><subfield code="a">IDSZ2zbzmon201903f</subfield><subfield code="c">IDSZ2tres</subfield><subfield code="d">IDSZ2zbzswk201904b</subfield><subfield code="e">IDSZ2kara</subfield></datafield><datafield ind1=" " ind2=" " tag="900"><subfield code="a">REROnoselfmerge</subfield></datafield><datafield ind1=" " ind2=" " tag="949"><subfield code="a">https://toc.library.ethz.ch/objects/pdf03/z01_978-90-04-38459-0_01.pdf</subfield></datafield></record>
</metadata></record>