<record><header><identifier>oai:alma.41SLSP_UGE:991000104509705502</identifier><datestamp>2024-03-08T01:29:24Z</datestamp><setSpec>uge_bcen_RapidILL_BOOK</setSpec><setSpec>uge_aaca_RapidILL_BOOK</setSpec><setSpec>uge_abels_RapidILL_BOOK</setSpec><setSpec>uge_dbu_RapidILL_BOOK</setSpec><setSpec>uge_cmu_RapidILL_BOOK</setSpec><setSpec>uge_mail_RapidILL_BOOK</setSpec><setSpec>uge_abbat_RapidILL_BOOK</setSpec><setSpec>UNIGE_ALL</setSpec><setSpec>uge_acar_RapidILL_BOOK</setSpec><setSpec>uge_aobs_RapidILL_BOOK</setSpec></header><metadata>
<record xmlns="http://www.loc.gov/MARC21/slim" xmlns:xsi="http://www.w3.org/2001/XMLSchema-instance" xsi:schemaLocation="http://www.loc.gov/MARC21/slim http://www.loc.gov/standards/marcxml/schema/MARC21slim.xsd"><leader>10331nam a2200901 c 4500</leader><controlfield tag="001">991000104509705502</controlfield><controlfield tag="005">20240307232022.0</controlfield><controlfield tag="008">201012s2003    sz       m    00| | ger  </controlfield><datafield ind1=" " ind2=" " tag="020"><subfield code="a">3258066558</subfield><subfield code="c">Fr. 78.-</subfield></datafield><datafield ind1=" " ind2=" " tag="035"><subfield code="a">(swissbib)234847921-41slsp_network</subfield></datafield><datafield ind1=" " ind2=" " tag="035"><subfield code="a">234847921</subfield><subfield code="9">ExL</subfield></datafield><datafield ind1=" " ind2=" " tag="035"><subfield code="a">(IDSSG)000268346HSB01</subfield></datafield><datafield ind1=" " ind2=" " tag="035"><subfield code="a">(RERO)R003422884-41slsp</subfield></datafield><datafield ind1=" " ind2=" " tag="035"><subfield code="a">(IDSBB)002795353DSV01</subfield></datafield><datafield ind1=" " ind2=" " tag="035"><subfield code="a">(NEBIS)004547971EBI01</subfield></datafield><datafield ind1=" " ind2=" " tag="035"><subfield code="a">(ABN)000284131ABN01</subfield></datafield><datafield ind1=" " ind2=" " tag="035"><subfield code="a">(EXLNZ-41SLSP_NETWORK)991076046979705501</subfield></datafield><datafield ind1=" " ind2=" " tag="040"><subfield code="a">SzZuIDS HSG</subfield><subfield code="b">ger</subfield><subfield code="e">kids</subfield><subfield code="d">CH-ZuSLS</subfield></datafield><datafield ind1=" " ind2=" " tag="044"><subfield code="a">sz</subfield><subfield code="c">ch-be</subfield></datafield><datafield ind1=" " ind2="7" tag="072"><subfield code="a">dr</subfield><subfield code="2">rero</subfield></datafield><datafield ind1=" " ind2="7" tag="072"><subfield code="a">rw</subfield><subfield code="2">SzZuIDS BS/BE</subfield></datafield><datafield ind1=" " ind2="7" tag="072"><subfield code="a">vw</subfield><subfield code="2">SzZuIDS BS/BE</subfield></datafield><datafield ind1="1" ind2="4" tag="082"><subfield code="a">340</subfield><subfield code="2">15</subfield></datafield><datafield ind1="1" ind2="4" tag="082"><subfield code="a">330</subfield><subfield code="2">15</subfield></datafield><datafield ind1=" " ind2=" " tag="084"><subfield code="a">CA/CH 84 h</subfield><subfield code="2">cjurrom</subfield></datafield><datafield ind1=" " ind2=" " tag="084"><subfield code="a">17</subfield><subfield code="2">sdnb</subfield></datafield><datafield ind1=" " ind2=" " tag="084"><subfield code="a">PU 2675</subfield><subfield code="2">rvk</subfield></datafield><datafield ind1=" " ind2=" " tag="084"><subfield code="a">QR 300</subfield><subfield code="2">rvk</subfield></datafield><datafield ind1="1" ind2=" " tag="100"><subfield code="a">Hettich, Peter</subfield><subfield code="d">1975-</subfield><subfield code="0">(DE-588)114753997</subfield><subfield code="6">880-01</subfield></datafield><datafield ind1="1" ind2=" " tag="880"><subfield code="6">100-01</subfield><subfield code="a">Hettich, Peter</subfield><subfield code="d">1975-....</subfield><subfield code="0">(IDREF)25692824X</subfield><subfield code="4">cre</subfield></datafield><datafield ind1="1" ind2="0" tag="245"><subfield code="a">Wirksamer Wettbewerb</subfield><subfield code="b">theoretisches Konzept und Praxis</subfield><subfield code="c">Peter Hettich</subfield></datafield><datafield ind1=" " ind2="1" tag="264"><subfield code="a">Bern</subfield><subfield code="b">Haupt</subfield><subfield code="c">2003</subfield></datafield><datafield ind1=" " ind2="4" tag="264"><subfield code="c">© 2003</subfield></datafield><datafield ind1=" " ind2=" " tag="300"><subfield code="a">LXXVII, 448 p.</subfield><subfield code="b">ill.</subfield><subfield code="c">23 cm</subfield></datafield><datafield ind1=" " ind2=" " tag="336"><subfield code="b">txt</subfield><subfield code="2">rdacontent</subfield></datafield><datafield ind1=" " ind2=" " tag="337"><subfield code="b">n</subfield><subfield code="2">rdamedia</subfield></datafield><datafield ind1=" " ind2=" " tag="338"><subfield code="b">nc</subfield><subfield code="2">rdacarrier</subfield></datafield><datafield ind1="1" ind2=" " tag="490"><subfield code="a">St. Galler Studien zum Privat-, Handels- und Wirtschaftsrecht</subfield><subfield code="v">Bd. 70</subfield></datafield><datafield ind1=" " ind2=" " tag="500"><subfield code="a">Edition commerciale de la thèse de St. Gall, 2002</subfield></datafield><datafield ind1=" " ind2=" " tag="502"><subfield code="b">Dissertation</subfield><subfield code="c">Universität St. Gallen</subfield><subfield code="d">2003</subfield><subfield code="o">2714</subfield></datafield><datafield ind1=" " ind2=" " tag="504"><subfield code="a">Bibliogr.</subfield></datafield><datafield ind1=" " ind2="7" tag="650"><subfield code="a">Funktionsfähiger Wettbewerb</subfield><subfield code="0">(DE-588)4192823-4</subfield><subfield code="2">gnd</subfield></datafield><datafield ind1=" " ind2="7" tag="650"><subfield code="a">Kartellrecht</subfield><subfield code="0">(DE-588)4029788-3</subfield><subfield code="2">gnd</subfield></datafield><datafield ind1=" " ind2="7" tag="650"><subfield code="a">Kartell</subfield><subfield code="9">ger</subfield><subfield code="0">(RERO)jurivoc000012504ger</subfield><subfield code="2">jurivoc</subfield></datafield><datafield ind1=" " ind2="7" tag="650"><subfield code="a">Wettbewerb(Konkurrenz)</subfield><subfield code="9">ger</subfield><subfield code="0">(RERO)jurivoc000026442ger</subfield><subfield code="2">jurivoc</subfield></datafield><datafield ind1=" " ind2="7" tag="650"><subfield code="a">Wettbewerbsbeschränkung</subfield><subfield code="9">ger</subfield><subfield code="0">(RERO)jurivoc000026447ger</subfield><subfield code="2">jurivoc</subfield></datafield><datafield ind1=" " ind2="7" tag="650"><subfield code="a">Gerichts- und Verwaltungspraxis</subfield><subfield code="9">ger</subfield><subfield code="0">(RERO)jurivoc000009624ger</subfield><subfield code="2">jurivoc</subfield></datafield><datafield ind1=" " ind2="7" tag="650"><subfield code="a">Wettbewerbskommission</subfield><subfield code="9">ger</subfield><subfield code="0">(RERO)jurivoc000026451ger</subfield><subfield code="2">jurivoc</subfield></datafield><datafield ind1=" " ind2="7" tag="650"><subfield code="a">Kommission der EG</subfield><subfield code="9">ger</subfield><subfield code="0">(RERO)jurivoc000013042ger</subfield><subfield code="2">jurivoc</subfield></datafield><datafield ind1=" " ind2="7" tag="650"><subfield code="a">Rechtsvergleichung</subfield><subfield code="9">ger</subfield><subfield code="0">(RERO)jurivoc000018481ger</subfield><subfield code="2">jurivoc</subfield></datafield><datafield ind1=" " ind2="7" tag="650"><subfield code="a">Gemeinschaftsrecht</subfield><subfield code="9">ger</subfield><subfield code="0">(RERO)jurivoc000009467ger</subfield><subfield code="2">jurivoc</subfield></datafield><datafield ind1=" " ind2="7" tag="650"><subfield code="a">Wirksamkeit</subfield><subfield code="9">ger</subfield><subfield code="0">(RERO)jurivoc000026659ger</subfield><subfield code="2">jurivoc</subfield></datafield><datafield ind1=" " ind2="7" tag="650"><subfield code="a">Wirtschaft</subfield><subfield code="9">ger</subfield><subfield code="0">(RERO)jurivoc000026671ger</subfield><subfield code="2">jurivoc</subfield></datafield><datafield ind1=" " ind2="7" tag="650"><subfield code="a">concurrence économique</subfield><subfield code="0">(RERO)A009956227</subfield><subfield code="2">rerovoc</subfield></datafield><datafield ind1=" " ind2="7" tag="650"><subfield code="a">Droit</subfield><subfield code="0">(IDREF)027466868</subfield><subfield code="2">idref</subfield></datafield><datafield ind1=" " ind2="7" tag="650"><subfield code="a">Wettbewerbsrecht</subfield><subfield code="z">Schweiz</subfield><subfield code="2">idsbb</subfield></datafield><datafield ind1=" " ind2="7" tag="650"><subfield code="a">Begriff</subfield><subfield code="2">idszbz</subfield></datafield><datafield ind1=" " ind2="7" tag="650"><subfield code="a">Kartellrecht</subfield><subfield code="2">idszbz</subfield></datafield><datafield ind1=" " ind2="7" tag="650"><subfield code="a">Wettbewerb</subfield><subfield code="2">idszbz</subfield></datafield><datafield ind1=" " ind2="7" tag="651"><subfield code="a">Schweiz</subfield><subfield code="0">(DE-588)4053881-3</subfield><subfield code="2">gnd</subfield></datafield><datafield ind1=" " ind2="7" tag="651"><subfield code="a">Schweiz</subfield><subfield code="9">ger</subfield><subfield code="0">(RERO)jurivoc000019912ger</subfield><subfield code="2">jurivoc</subfield></datafield><datafield ind1=" " ind2="7" tag="651"><subfield code="a">Suisse</subfield><subfield code="0">(IDREF)027249654</subfield><subfield code="2">idref</subfield></datafield><datafield ind1=" " ind2="7" tag="651"><subfield code="a">Schweiz</subfield><subfield code="2">idszbz</subfield></datafield><datafield ind1=" " ind2="7" tag="655"><subfield code="a">Entscheidsammlung</subfield><subfield code="9">ger</subfield><subfield code="2">jurivoc</subfield><subfield code="0">(RERO)jurivoc000006982ger</subfield></datafield><datafield ind1=" " ind2="7" tag="655"><subfield code="a">Hochschulschrift</subfield><subfield code="2">gnd-content</subfield></datafield><datafield ind1=" " ind2=" " tag="690"><subfield code="a">funktionsfähiger Wettbewerb; internationaler Wettbewerb; unlauterer Wettbewerb; Bildung; Auslegung; Aktiengesellschaft; Gesetzgebung; Bundesgesetz; Vertrieb; Kartellrecht; Element; Wirtschaftsverfassung; Marktmacht; Sanktion; horizontale Konzentration; vertikale Konzentration; Konzept; Handelsabkommen; Wirtschaftsrecht; Theorie; Instandhaltung; Holding; Kooperation; Tuning; wissenschaftliche Abhandlung; Erlass; Praxis; Abgrenzung; Ordnung; Tarif</subfield><subfield code="2">idssg-J</subfield></datafield><datafield ind1=" " ind2=" " tag="690"><subfield code="a">Thesenbildung; Auslegungselement; Folgenerwägung; Kartellgesetzgebung; Zwischenfazit; Abgrenzungsfunktion; Folgenorientierung; Gerechtigkeitsüberlegung; Kartellbildung; Marktabgrenzung; Mietleitung; Nutztierfütterung; Rechtsvergleichung; Reparaturleistung; Sozialbindung; Wettbewerbsordnung; Bezugsnorm; Verwaltungspraxis; Ausschlussstrategie; Freihandelsabkommen; Kalenderfabrik; Kompaktwärmezentrale; Methodenkanon; PTT-Fachhändlervertrag; Parallelverfahren; Porzellanfabrik; Preisüberwachungsgesetz; Privattarif; SVIT-Honorarrichtlinie; Sammelrevers; Versandapotheke; Wettbewerbsabrede; Wissenschaftsverlag; Folgenbewertung; Folgerunge; Funktionsbegriff; Halbprivatversicherung; Koordinationsmängelkonzept; Normprofilierung; Referendumsvorlage; Regietarifprogramm; Sanktionenregelung; Spielemesse; Verfahrensvorschrift; Verfassungsauftrag; Verlagserzeugnis; Wettbewerbshindernis; Wettbewerbskommission; Wettbewerbskonzept; APERTO-Geschäft; Anpassungsfähigkeit; Anwendungsbereich; Ausnahmebereich; Bahnhofskiosk; Bewilligungspflicht; Corang; Courtier; Difo-Druck; Elektroware; Erheblichkeitsschwelle; Erklärungsansatz; Gemeinwohlrelevanz; Gesamtablauf; Gesamtsituation; Grandlage; Grandzug; Grundzug; Hermeneutik; Hoffmann-La; Inhaltsübersicht; Kaminfegerwesen; Krapp-Hoesch; Kriterienkatalog; Langenthai; Markteinfluss; Marktgegenseite; Marktsituation; Miauton; Musiknote; Ordnungsmodell; Panalpina; Rechtfertigungsgrund; Rechtsanwender; Rheinmetall; SBB-Gruppenreiseverkehr; SEG-Poulet; Sachregister; Schutzniveau; Spitalfreiheit; Spitalliste; Stufenweise; Subsumtionsmodell; Ticketservice; TotalFina; Volkswagen-Vertriebssystem; Werbematerial; Wettbewerbsintensität; Wetzicon; Zweckartikel; Ärztebedarf</subfield><subfield code="2">idssg-J</subfield></datafield><datafield ind1=" " ind2=" " tag="690"><subfield code="a">klassische Wettbewerbstheorie; neoklassische Theorie; neue Erkenntnis; schweizerische Anstalt; überwiegendes Interesse; aerospatiale Matra; aktuelle Konkurrenz; allgemeiner Sprachgebrauch; allgemeingültiges Wettbewerbskonzept; ausnahmsweise Zulassung; berner Oberland; beschränkte Konkretisierbarkeit; beschränkte Konkretisierung; deutsche Post; dominantes Unternehmen; dynamische Wettbewerbstheorie; einfache Marktbeherrschung; einleitende Bemerkung; einschränkende Auslegung; einzelne Verfahrensvorschrift; erhebliche Beeinträchtigung; erneuerbare Energie; erste Judikatur; europäische Kommission; europäische Wettbewerbsordnung; fachsprachliche Bedeutung; fehlende Sozialbindung; funktionales Auslegungselement; funktionales Element; funktionale Konkretisierung; gebildete These; geplante Änderung; gesamtwirtschaftlicher Zusammenhang; gewöhnlicher Markteinfluss; geänderter Sachverhalt; grammatisches Auslegungselement; grammatische Konkretisierung; historisches Auslegungselement; historische Gesamtsituation; historische Konkretisierung; horizontale Kooperation; idealtypisches Ordnungsmodell; internationaler Bereich; internationale Wettbewerbsfähigkeit; kartellgesetzzweckwidriger Anreiz; klassische Auslegung; konkretisierende Verordnung; konzeptionelle Auswirkung; künstliche Besamung; marktbeherrschendes Unternehmen; meteorologische Anstalt; methodische Eigenheit; methodologische Folgerunge; mobil AG; möglicher Wettbewerb; neue Industrieökonomik; offene Volkswirtschaft; optimale Wettbewerbsintensität; ordnungspolitische Offenheit; parlamentarische Kommission; potenzielle Konkurrenz; preisgebundenes Verlagserzeugnis; qualifizierte Marktbeherrschung; rechtsvergleichend Konkretisierang; regelbildende Folgenerwägung; regelvollziehende Folgenerwägung; relevante Bezugsnorm; relevantes Bezugssystem; relevante Norm; schweizer Spielemesse; schweizerische Post; schädliches Verhalten</subfield><subfield code="2">idssg-J</subfield></datafield><datafield ind1=" " ind2=" " tag="690"><subfield code="a">; sektorielles Abkommen; soziologischer Funktionsbegriff; staatliche Vorschrift; staatliches Wettbewerbshindernis; statische Theorie; subjektives Recht; systematisches Auslegungselement; systematische Einordnung; systemtheoretischer Ansatz; systemtheoretisches Leitbild; teleologisches Auslegungselement; teleologische Konkretisierung; theoretisches Konzept; thurgauer Medium; unbedenklicher Zusammenschluss; unreflektierte Übernahme; unverbindliche Empfehlung; unzulässige Verhaltensweise; unzulässige Wettbewerbsabrede; unzulässige Wettbewerbsbeschränkung; verfassungsrechtliche Grandlage; vertikale Kooperation; verwendetes Kriterium; virtuelle Kalenderfabrik; vollkommene Konkurrenz; vollständige Konkurrenz; völkerrechtliche Verpflichtung; weiterer Erklärungsansatz; weiterer Erlass; weitgehender Verzicht; wettbewerbsbeschränkende Verhaltensweise; wettbewerbspolitischer Bezug; wettbewerbspolitisch Fine; wettbewerbstheoretische Erkenntnis; wettbewerbstheoretischer Zusammenhang; wirksamer Wettbewerb; wirtschaftlicher Gesamtablauf; öffentliche Diskussion; öffentliches Interesse; ökonomische Analyse; ökonomische Theorie</subfield><subfield code="2">idssg-J</subfield></datafield><datafield ind1=" " ind2=" " tag="690"><subfield code="a">Deutschland C4EUGE; Schweiz C4EXSI; Vereinigte Staaten C1USA; China C9CHIN; Frankreich C4EUFR; Baden-Württemberg C4EUGE; Bayern C4EUGE</subfield><subfield code="2">idssg-J</subfield></datafield><datafield ind1=" " ind2=" " tag="690"><subfield code="a">aerospatial Matra DaimlerChrysler Aerospace; Alcan Alusuisse; Alcan Pechiney Algroup; Alcatel Thomson Multimedia; Bank Belp; Batrec Recymet; berner Oberland Medien Kooperation; Bertelsmann Wissenschaftsverlag Springer; Blue Window; Bosch; Boehringer; Capital Lisca; Christian J. Meier-Schatz; Compaq Computer Corporation; Compass Group Selecta Group; Compass Selecta; Constracciones Aeronäuticas; Cooper Lybrand; Credit Suisse Group Winterthur Versicherungen; Credit Suisse Winterthur; Daimler Benz Chrysler; Daimler Benz Transportation; Daimler Chrysler ADtranz; DeTec Oerlikon Contraves; Decaux Affichage; deutsch Post Danzas; deutsch Post Danzas Holding; Dr. Klaus A. Vallender; E. ON; En immeubles et en; Feldschlösschen- Hürlimann; Freecom Dangaard; General Electric Capital; General Electric Capital Corporation Bank; General Electric Capital Corporation Bank Aufina; Getaz Romang; Glaxo Wellcome Smith Kline Beecham; Handels- Verwaltungs Aistom; Harvard Schule Theorie; Herr Prof. Dr. Klaus A. Vallender Prof. Dr. Christian J. Meier-Schatz; Jacky Maeder; Klaus A. Vallender; Krapp Hoesch Krapp Thyssen; Le Temps; Merck Rhöne; Messaggerie del Libro; Oerlikon Aerospace Ine; Peter Hettich; Presse; Price Waterhouse Coopers Lybrand</subfield><subfield code="2">idssg-J</subfield></datafield><datafield ind1="1" ind2=" " tag="700"><subfield code="a">Vallender, Klaus A.</subfield><subfield code="d">1941-</subfield><subfield code="0">(DE-588)121482391</subfield><subfield code="4">dgs</subfield></datafield><datafield ind1="1" ind2=" " tag="700"><subfield code="a">Meier, Christian J.</subfield><subfield code="d">1950-</subfield><subfield code="0">(DE-588)120384868</subfield><subfield code="4">dgs</subfield></datafield><datafield ind1=" " ind2="0" tag="830"><subfield code="a">St. Galler Studien zum Privat-, Handels- und Wirtschaftsrecht</subfield><subfield code="v">70</subfield><subfield code="w">(IDSBB)000019395DSV01</subfield></datafield><datafield ind1=" " ind2="0" tag="830"><subfield code="a">St. Galler Studien zum Privat-, Handels- und Wirtschaftsrecht</subfield><subfield code="v">70</subfield><subfield code="w">(RERO)0404474-41slsp</subfield></datafield><datafield ind1="4" ind2=" " tag="856"><subfield code="u">https://tools.unisg.ch/url/hm00060386</subfield><subfield code="z">Inhaltsverzeichnis</subfield></datafield><datafield ind1=" " ind2=" " tag="900"><subfield code="a">IDSZ2rwimon200307e</subfield><subfield code="c">IDSZ2rosi 030702</subfield><subfield code="d">IDSZ2rwiswk200309b</subfield><subfield code="e">IDSZ2sust</subfield></datafield><datafield ind1=" " ind2=" " tag="900"><subfield code="a">IDSZ2ivrmon200401l</subfield><subfield code="c">IDSZ2voig 030107</subfield></datafield><datafield ind1=" " ind2=" " tag="949"><subfield code="a">https://tools.unisg.ch/url/hm00060386</subfield></datafield></record>
</metadata></record>