<record><header><identifier>oai:alma.41SLSP_UGE:991000104299705502</identifier><datestamp>2024-09-28T00:23:16Z</datestamp><setSpec>uge_bcen_RapidILL_BOOK</setSpec><setSpec>uge_aaca_RapidILL_BOOK</setSpec><setSpec>uge_abels_RapidILL_BOOK</setSpec><setSpec>uge_dbu_RapidILL_BOOK</setSpec><setSpec>uge_cmu_RapidILL_BOOK</setSpec><setSpec>uge_mail_RapidILL_BOOK</setSpec><setSpec>uge_abbat_RapidILL_BOOK</setSpec><setSpec>UNIGE_ALL</setSpec><setSpec>uge_aobs_RapidILL_BOOK</setSpec><setSpec>uge_acar_RapidILL_BOOK</setSpec></header><metadata>
<record xmlns="http://www.loc.gov/MARC21/slim" xmlns:xsi="http://www.w3.org/2001/XMLSchema-instance" xsi:schemaLocation="http://www.loc.gov/MARC21/slim http://www.loc.gov/standards/marcxml/schema/MARC21slim.xsd"><leader>06507nam a2200877 c 4500</leader><controlfield tag="001">991000104299705502</controlfield><controlfield tag="005">20240927123432.0</controlfield><controlfield tag="008">201011s2000    xxu||||| |||| 00| ||eng d</controlfield><datafield ind1=" " ind2=" " tag="010"><subfield code="a">99050458</subfield></datafield><datafield ind1=" " ind2=" " tag="019"><subfield code="a">Bernard, Harvey Russell (1940-)</subfield></datafield><datafield ind1=" " ind2=" " tag="020"><subfield code="a">9780761914037</subfield><subfield code="q">alk. paper</subfield></datafield><datafield ind1=" " ind2=" " tag="020"><subfield code="a">9780761914044</subfield><subfield code="q">alk. paper</subfield></datafield><datafield ind1=" " ind2=" " tag="020"><subfield code="a">0761914048</subfield><subfield code="q">alk. paper</subfield></datafield><datafield ind1=" " ind2=" " tag="020"><subfield code="a">076191403X</subfield><subfield code="q">cloth: alk. paper</subfield><subfield code="c">USD 99.00</subfield></datafield><datafield ind1="7" ind2=" " tag="024"><subfield code="a">http://catalogue.bnf.fr/ark:/12148/cb375633182</subfield><subfield code="2">uri</subfield></datafield><datafield ind1=" " ind2=" " tag="035"><subfield code="a">(swissbib)228500508-41slsp_network</subfield></datafield><datafield ind1=" " ind2=" " tag="035"><subfield code="a">228500508</subfield><subfield code="9">ExL</subfield></datafield><datafield ind1=" " ind2=" " tag="035"><subfield code="a">(RERO)R005495366-41slsp</subfield></datafield><datafield ind1=" " ind2=" " tag="035"><subfield code="a">(IDSLU)000455541ILU01</subfield></datafield><datafield ind1=" " ind2=" " tag="035"><subfield code="a">(IDSSG)000238941HSB01</subfield></datafield><datafield ind1=" " ind2=" " tag="035"><subfield code="a">(IDSBB)001994710DSV01</subfield></datafield><datafield ind1=" " ind2=" " tag="035"><subfield code="a">(NEBIS)003862989EBI01</subfield></datafield><datafield ind1=" " ind2=" " tag="035"><subfield code="a">(DLC)---99050458-</subfield></datafield><datafield ind1=" " ind2=" " tag="035"><subfield code="a">(EXLNZ-41SLSP_NETWORK)991037855819705501</subfield></datafield><datafield ind1=" " ind2=" " tag="040"><subfield code="a">SILIS</subfield><subfield code="d">CH-ZuSLS</subfield></datafield><datafield ind1=" " ind2=" " tag="050"><subfield code="a">H62</subfield><subfield code="b">.B439 2000</subfield></datafield><datafield ind1=" " ind2="7" tag="072"><subfield code="a">ss</subfield><subfield code="2">rero</subfield></datafield><datafield ind1=" " ind2="7" tag="072"><subfield code="a">140</subfield><subfield code="2">IDS LU</subfield></datafield><datafield ind1=" " ind2="7" tag="072"><subfield code="a">sz</subfield><subfield code="2">SzZuIDS BS/BE</subfield></datafield><datafield ind1="0" ind2="0" tag="082"><subfield code="a">300/.7/2</subfield><subfield code="2">21</subfield></datafield><datafield ind1="1" ind2="4" tag="082"><subfield code="a">301.0723</subfield><subfield code="2">21</subfield></datafield><datafield ind1="1" ind2="4" tag="082"><subfield code="a">300</subfield><subfield code="2">15</subfield></datafield><datafield ind1=" " ind2=" " tag="084"><subfield code="a">MR 2000</subfield><subfield code="2">rvk</subfield></datafield><datafield ind1="1" ind2=" " tag="100"><subfield code="a">Bernard, Harvey Russell</subfield><subfield code="d">1940-....</subfield><subfield code="0">(IDREF)03145884X</subfield><subfield code="4">cre</subfield></datafield><datafield ind1="1" ind2="0" tag="245"><subfield code="a">Social research methods</subfield><subfield code="b">qualitative and quantitative approaches</subfield><subfield code="c">H. Russell Bernard</subfield></datafield><datafield ind1=" " ind2="1" tag="264"><subfield code="a">Thousand Oaks</subfield><subfield code="b">Sage Publications</subfield><subfield code="c">2000</subfield></datafield><datafield ind1=" " ind2=" " tag="300"><subfield code="a">xxv, 659, [94] str.</subfield><subfield code="b">graf. prikazi</subfield><subfield code="c">25 cm.</subfield></datafield><datafield ind1=" " ind2=" " tag="336"><subfield code="b">txt</subfield><subfield code="2">rdacontent</subfield></datafield><datafield ind1=" " ind2=" " tag="337"><subfield code="b">n</subfield><subfield code="2">rdamedia</subfield></datafield><datafield ind1=" " ind2=" " tag="338"><subfield code="b">nc</subfield><subfield code="2">rdacarrier</subfield></datafield><datafield ind1=" " ind2=" " tag="504"><subfield code="a">Includes bibliographical references and index</subfield></datafield><datafield ind1="0" ind2=" " tag="505"><subfield code="a">About social science -- The foundations of social research -- Preparing for research -- Research design : experiments and experimental thinking -- Sampling -- Interviewing : unstructured and semistructured -- Structured interviewing -- Scales and scaling -- Participant observation -- Direct and indirect observation -- Introduction to qualitative and quantitative analysis -- Qualitative data analysis I : Text analysis -- Qualitative data analysis II : Models and matrices -- Univariate analysis -- Bivariate analysis : testing relations -- Multivariate analysis</subfield></datafield><datafield ind1=" " ind2="7" tag="650"><subfield code="a">Sciences sociales</subfield><subfield code="0">(IDREF)027248321</subfield><subfield code="2">idref</subfield></datafield><datafield ind1=" " ind2="7" tag="650"><subfield code="a">Méthodologie</subfield><subfield code="0">(IDREF)027239489</subfield><subfield code="2">idref</subfield></datafield><datafield ind1=" " ind2="7" tag="650"><subfield code="a">Recherche quantitative</subfield><subfield code="0">(IDREF)165366400</subfield><subfield code="2">idref</subfield></datafield><datafield ind1=" " ind2="7" tag="650"><subfield code="a">Recherche qualitative</subfield><subfield code="0">(IDREF)077318927</subfield><subfield code="2">idref</subfield></datafield><datafield ind1=" " ind2="7" tag="650"><subfield code="a">Sozialwissenschaften</subfield><subfield code="x">Methode</subfield><subfield code="v">0 Gesamtdarstellung</subfield><subfield code="2">idsbb</subfield></datafield><datafield ind1=" " ind2="7" tag="650"><subfield code="a">Sozialforschung</subfield><subfield code="x">Methode</subfield><subfield code="v">0 Gesamtdarstellung</subfield><subfield code="2">idsbb</subfield></datafield><datafield ind1=" " ind2="7" tag="650"><subfield code="a">Forschungsmethode</subfield><subfield code="0">(DE-588)4155046-8</subfield><subfield code="2">gnd</subfield></datafield><datafield ind1=" " ind2="7" tag="650"><subfield code="a">Empirische Sozialforschung</subfield><subfield code="0">(DE-588)4014606-6</subfield><subfield code="2">gnd</subfield></datafield><datafield ind1=" " ind2="7" tag="650"><subfield code="a">Methode</subfield><subfield code="0">(DE-588)4038971-6</subfield><subfield code="2">gnd</subfield></datafield><datafield ind1=" " ind2="7" tag="650"><subfield code="a">Sozialwissenschaften</subfield><subfield code="2">idszbz</subfield></datafield><datafield ind1=" " ind2="7" tag="650"><subfield code="a">Methode</subfield><subfield code="2">idszbz</subfield></datafield><datafield ind1=" " ind2="0" tag="650"><subfield code="a">Social science</subfield><subfield code="x">Research</subfield><subfield code="x">Methodology</subfield></datafield><datafield ind1=" " ind2="0" tag="650"><subfield code="a">Social sciences</subfield><subfield code="x">Methodology</subfield></datafield><datafield ind1=" " ind2="0" tag="650"><subfield code="a">Social sciences</subfield><subfield code="x">Research</subfield></datafield><datafield ind1=" " ind2="0" tag="650"><subfield code="a">Social sciences</subfield><subfield code="x">Research</subfield><subfield code="x">Methodology</subfield></datafield><datafield ind1=" " ind2="7" tag="650"><subfield code="a">METHODS IN SOCIAL SCIENCES</subfield><subfield code="9">eng</subfield><subfield code="0">(ETHUDK)000010046</subfield><subfield code="2">ethudk</subfield></datafield><datafield ind1=" " ind2="7" tag="650"><subfield code="a">QUALITATIVE METHODS (SOCIAL SCIENCES)</subfield><subfield code="9">eng</subfield><subfield code="0">(ETHUDK)000049604</subfield><subfield code="2">ethudk</subfield></datafield><datafield ind1=" " ind2="7" tag="650"><subfield code="a">QUANTITATIVE METHODS (SOCIAL SCIENCES)</subfield><subfield code="9">eng</subfield><subfield code="0">(ETHUDK)000065840</subfield><subfield code="2">ethudk</subfield></datafield><datafield ind1=" " ind2="7" tag="650"><subfield code="a">SOCIAL SCIENCES</subfield><subfield code="9">eng</subfield><subfield code="0">(ETHUDK)000009975</subfield><subfield code="2">ethudk</subfield></datafield><datafield ind1=" " ind2="7" tag="655"><subfield code="a">Manuels d'enseignement supérieur</subfield><subfield code="0">(IDREF)03020934X</subfield><subfield code="2">idref</subfield></datafield><datafield ind1=" " ind2="7" tag="655"><subfield code="a">Lehrbuch</subfield><subfield code="2">gnd-content</subfield></datafield><datafield ind1=" " ind2=" " tag="690"><subfield code="a">Key concept ; Experiment ; Social Science ; Social science ; Participant observation ; Think experiment ; Meta analysis ; measurement ; Threat ; Research topic ; Standard error ; Census ; Data collection ; Research ; Probability distribution ; Validation ; Drug interaction ; Theory ; Research design ; Factorial ; Limit theorem ; Reaction ; Thinking ; Monitoring ; Factor analysis ; Parenting ; Staging ; Stage ; Language translation ; Translational motion ; Design method ; Survey technique ; Science ; Internal ; Saint ; Direct observation ; Field observation ; Ethics ; Gender ; Person characteristic ; Personality characteristic ; Strategy ; Time allocation ; Data analysis ; Success story ; Accuracy ; presentation ; Monitor data ; Forecast ; Field note ; Grade ; Interval ; Qualitative Data Analysis ; Text analysis ; Performance analysis ; Discourse analysis ; History ; Circle ; Split ; Splitting ; Foundation ; Performance reliability ; Interviewer ; Index ; Indexing ; Jotting ; Preface ; Impulse response ; Format ; Field ; Participant observer ; Frequency distribution ; Deception ; Data matrix ; Matrix result ; Disperse system ; Philosophy ; Epistemology ; domains ; Domain ; Magnitude ; Skill ; Informant ; Type ; Computer ; Induction ; Standard deviation ; Hypothesis test ; Sage publication ; Positivism ; Unit ; Boiler scale ; Balance ; bevelling ; Narrative ; modeling ; Modelling ; Matrix algebra ; Oak ; Proportion ; Response rate ; behaviour ; Chart ; Database management ; Text ; Relation ; Area file ; Variance ; Direction ; Correlation ; Variable ; Social Ethics ; Literature search ; External ; Still ; Recorder ; Focus group ; Questionnaire ; Complex ; Differential gear ; Fieldwork ; Diary ; Experience ; Land map ; Data table ; Folk ; Taxonomy ; Centralist tendency ; Logic ; Antecedent ; Lambda ; Specialist case ; Fisher ; Odds ratio</subfield><subfield code="2">idssg-J</subfield></datafield><datafield ind1=" " ind2=" " tag="690"><subfield code="a">Cross-Tab</subfield><subfield code="2">idssg-J</subfield></datafield><datafield ind1=" " ind2=" " tag="690"><subfield code="a">Quantitative Approaches; New Delhi; DETAILED CONTENTS; Different Ways; Further Reading; Operational Definitions; Realistic Approach; Main Effects; Small Samples; Longitudinal Surveys; Combining Methods; Few Final; Interpretive Analysis; Content Analysis; Cross-Cultural Content Analysis; Content Analysis Approaches; Ethnographic Decision; Boolean Tests; Univariate Analysis; Interquartile Range; Two Means; Exact Test</subfield><subfield code="2">idssg-J</subfield></datafield><datafield ind1=" " ind2=" " tag="690"><subfield code="a">Split [100]; London [72]; New Delhi [72]; Trace [66]; Vienna [64]; Read [38]; U.S. [2]</subfield><subfield code="2">idssg-J</subfield></datafield><datafield ind1=" " ind2=" " tag="690"><subfield code="a">RESEARC; xvüi; xix; xxü; Quetelet; Comte; Kalymnian; t; Nonprobability; Dillman; Pretesting; Guttman; Likert; Unidimensionality; Hermeneutics; Taxonomic; Componential; RESEARC; METHODS; BACKGROUND; II; PART</subfield><subfield code="2">idssg-J</subfield></datafield><datafield ind1=" " ind2=" " tag="690"><subfield code="a">Interview</subfield><subfield code="2">uzb-UX</subfield></datafield><datafield ind1=" " ind2=" " tag="690"><subfield code="a">Wissenschaftsgeschichte</subfield><subfield code="2">uzb-UX</subfield></datafield><datafield ind1=" " ind2=" " tag="690"><subfield code="a">Positivismus</subfield><subfield code="2">uzb-UX</subfield></datafield><datafield ind1="1" ind2=" " tag="700"><subfield code="a">Bernard, H. Russell</subfield><subfield code="d">1940-</subfield><subfield code="0">(DE-588)124315925</subfield></datafield><datafield ind1="1" ind2=" " tag="700"><subfield code="a">Bernard, H. Russell</subfield><subfield code="q">Harvey Russell</subfield></datafield><datafield ind1="4" ind2=" " tag="856"><subfield code="u">https://tools.unisg.ch/url/hm00038559</subfield><subfield code="z">Inhaltsverzeichnis</subfield></datafield><datafield ind1=" " ind2=" " tag="900"><subfield code="a">IDSZ2zbzmon200005f</subfield><subfield code="c">IDSZ2geis</subfield><subfield code="d">IDSZ2zbzswk200006b</subfield><subfield code="e">IDSZ2baur</subfield></datafield><datafield ind1=" " ind2=" " tag="900"><subfield code="a">IDSE5E19ANH-2010</subfield></datafield><datafield ind1=" " ind2=" " tag="949"><subfield code="a">https://tools.unisg.ch/url/hm00038559</subfield></datafield></record>
</metadata></record>