<record><header><identifier>oai:alma.41SLSP_UGE:991000104199705502</identifier><datestamp>2023-06-10T00:19:55Z</datestamp><setSpec>uge_bcen_RapidILL_BOOK</setSpec><setSpec>uge_aaca_RapidILL_BOOK</setSpec><setSpec>uge_abels_RapidILL_BOOK</setSpec><setSpec>uge_dbu_RapidILL_BOOK</setSpec><setSpec>uge_cmu_RapidILL_BOOK</setSpec><setSpec>uge_mail_RapidILL_BOOK</setSpec><setSpec>uge_abbat_RapidILL_BOOK</setSpec><setSpec>UNIGE_ALL</setSpec><setSpec>uge_acar_RapidILL_BOOK</setSpec><setSpec>uge_aobs_RapidILL_BOOK</setSpec></header><metadata>
<record xmlns="http://www.loc.gov/MARC21/slim" xmlns:xsi="http://www.w3.org/2001/XMLSchema-instance" xsi:schemaLocation="http://www.loc.gov/MARC21/slim http://www.loc.gov/standards/marcxml/schema/MARC21slim.xsd"><leader>01442nam a2200385 c 4500</leader><controlfield tag="001">991000104199705502</controlfield><controlfield tag="005">20211108191502.0</controlfield><controlfield tag="008">201022s1989    fr            00| | mul d</controlfield><datafield ind1=" " ind2=" " tag="020"><subfield code="z">2251004045</subfield></datafield><datafield ind1=" " ind2=" " tag="020"><subfield code="a">2251004041</subfield><subfield code="z">2251004045</subfield></datafield><datafield ind1="7" ind2=" " tag="024"><subfield code="a">http://catalogue.bnf.fr/ark:/12148/cb350313373</subfield><subfield code="2">uri</subfield></datafield><datafield ind1=" " ind2=" " tag="035"><subfield code="a">(swissbib)252578120-41slsp_network</subfield></datafield><datafield ind1=" " ind2=" " tag="035"><subfield code="a">252578120</subfield><subfield code="9">ExL</subfield></datafield><datafield ind1=" " ind2=" " tag="035"><subfield code="a">(SBT)000028576SBT01</subfield></datafield><datafield ind1=" " ind2=" " tag="035"><subfield code="a">(RERO)1135033-41slsp</subfield></datafield><datafield ind1=" " ind2=" " tag="035"><subfield code="a">(EXLNZ-41SLSP_NETWORK)991022528539705501</subfield></datafield><datafield ind1=" " ind2=" " tag="040"><subfield code="a">RERO gevbpu</subfield><subfield code="d">CH-ZuSLS</subfield></datafield><datafield ind1="1" ind2=" " tag="041"><subfield code="a">fre</subfield><subfield code="a">grc</subfield><subfield code="h">grc</subfield></datafield><datafield ind1=" " ind2="7" tag="072"><subfield code="a">gr</subfield><subfield code="2">rero</subfield></datafield><datafield ind1="1" ind2=" " tag="080"><subfield code="a">1&quot;-0342&quot;The7His</subfield></datafield><datafield ind1="1" ind2=" " tag="080"><subfield code="a">875THEOPHR7His</subfield></datafield><datafield ind1="0" ind2=" " tag="100"><subfield code="6">880-01</subfield><subfield code="a">Théophraste</subfield><subfield code="d">0372?-0287? av. J.-C.</subfield><subfield code="0">(IDREF)026672685</subfield><subfield code="4">cre</subfield></datafield><datafield ind1="0" ind2=" " tag="880"><subfield code="6">100-01</subfield><subfield code="a">Theophrastus</subfield><subfield code="d">369 a.C.-286 a.C.</subfield><subfield code="0">(SBT11)000007517</subfield></datafield><datafield ind1="1" ind2="0" tag="245"><subfield code="a">Livres III-IV</subfield><subfield code="c">Théophraste ; texte établi et traduit par Suzanne Amigues</subfield></datafield><datafield ind1=" " ind2="1" tag="264"><subfield code="a">Paris</subfield><subfield code="b">Les Belles lettres</subfield><subfield code="c">1989</subfield></datafield><datafield ind1=" " ind2=" " tag="300"><subfield code="a">304 p. dont p. 2-118 avec pagination double</subfield><subfield code="c">20 cm</subfield></datafield><datafield ind1=" " ind2=" " tag="336"><subfield code="b">txt</subfield><subfield code="2">rdacontent</subfield></datafield><datafield ind1=" " ind2=" " tag="337"><subfield code="b">n</subfield><subfield code="2">rdamedia</subfield></datafield><datafield ind1=" " ind2=" " tag="338"><subfield code="b">nc</subfield><subfield code="2">rdacarrier</subfield></datafield><datafield ind1="1" ind2=" " tag="490"><subfield code="a">Collection des universités de France. Série grecque</subfield><subfield code="v">vol. 324</subfield></datafield><datafield ind1="1" ind2=" " tag="490"><subfield code="a">Recherches sur les plantes / Théophraste</subfield><subfield code="v">t. 2</subfield></datafield><datafield ind1=" " ind2=" " tag="691"><subfield code="e">880</subfield><subfield code="a">Letterature classiche (greca e latina)</subfield><subfield code="2">usi-TE</subfield></datafield><datafield ind1="1" ind2=" " tag="700"><subfield code="a">Amigues, Suzanne</subfield></datafield><datafield ind1="0" ind2=" " tag="800"><subfield code="a">Theophrastus</subfield><subfield code="t">Historia plantarum</subfield><subfield code="v">2</subfield><subfield code="w">(SBT)000027441SBT01</subfield></datafield><datafield ind1=" " ind2=" " tag="830"><subfield code="a">Collection des universités de France</subfield><subfield code="p">Série grecque</subfield><subfield code="v">324</subfield><subfield code="w">(SBT)000174978SBT01</subfield></datafield><datafield ind1=" " ind2=" " tag="900"><subfield code="a">REROnoselfmerge</subfield></datafield></record>
</metadata></record>