<record><header><identifier>oai:alma.41SLSP_UGE:991000104719705502</identifier><datestamp>2023-11-26T01:23:49Z</datestamp><setSpec>uge_cmu_RapidILL_JOURNAL</setSpec><setSpec>uge_aobs_RapidILL_JOURNAL</setSpec><setSpec>uge_aaca_RapidILL_JOURNAL</setSpec><setSpec>uge_abbat_RapidILL_JOURNAL</setSpec><setSpec>uge_bcen_RapidILL_JOURNAL</setSpec><setSpec>uge_dbu_RapidILL_JOURNAL</setSpec><setSpec>uge_mail_RapidILL_JOURNAL</setSpec><setSpec>uge_abels_RapidILL_JOURNAL</setSpec><setSpec>UNIGE_ALL</setSpec><setSpec>uge_acar_RapidILL_JOURNAL</setSpec></header><metadata>
<record xmlns="http://www.loc.gov/MARC21/slim" xmlns:xsi="http://www.w3.org/2001/XMLSchema-instance" xsi:schemaLocation="http://www.loc.gov/MARC21/slim http://www.loc.gov/standards/marcxml/schema/MARC21slim.xsd"><leader>02358nas a2200613 c 4500</leader><controlfield tag="001">991000104719705502</controlfield><controlfield tag="005">20230629194443.0</controlfield><controlfield tag="008">201011c20049999gw || p|  ||| 0    0ger d</controlfield><datafield ind1=" " ind2=" " tag="019"><subfield code="a">Abo abbestellt per Ende 2010</subfield><subfield code="5">IDSLU/SzZuIDS LU LUZHB/13.01.11/hs</subfield></datafield><datafield ind1=" " ind2=" " tag="022"><subfield code="a">1613-4621</subfield></datafield><datafield ind1=" " ind2=" " tag="035"><subfield code="a">(swissbib)214201228-41slsp_network</subfield></datafield><datafield ind1=" " ind2=" " tag="035"><subfield code="a">214201228</subfield><subfield code="9">ExL</subfield></datafield><datafield ind1=" " ind2=" " tag="035"><subfield code="a">(RERO)R003643854-41slsp</subfield></datafield><datafield ind1=" " ind2=" " tag="035"><subfield code="a">(NEBIS)004795780EBI01</subfield></datafield><datafield ind1=" " ind2=" " tag="035"><subfield code="a">(IDSLU)000419366ILU01</subfield></datafield><datafield ind1=" " ind2=" " tag="035"><subfield code="a">(IDSSG)000300887HSB01</subfield></datafield><datafield ind1=" " ind2=" " tag="035"><subfield code="a">(IDSBB)003251143DSV01</subfield></datafield><datafield ind1=" " ind2=" " tag="035"><subfield code="a">(ALEX)bv000843338</subfield></datafield><datafield ind1=" " ind2=" " tag="035"><subfield code="a">(EXLNZ-41SLSP_NETWORK)991038806889705501</subfield></datafield><datafield ind1=" " ind2=" " tag="040"><subfield code="a">RERO neubfd</subfield><subfield code="d">CH-ZuSLS</subfield></datafield><datafield ind1=" " ind2="7" tag="072"><subfield code="a">dr</subfield><subfield code="2">rero</subfield></datafield><datafield ind1=" " ind2="7" tag="072"><subfield code="a">800</subfield><subfield code="2">IDS LU</subfield></datafield><datafield ind1=" " ind2="7" tag="072"><subfield code="a">rw</subfield><subfield code="2">SzZuIDS BS/BE</subfield></datafield><datafield ind1="1" ind2="4" tag="082"><subfield code="a">340</subfield><subfield code="2">15</subfield></datafield><datafield ind1=" " ind2=" " tag="084"><subfield code="a">CA/D 14 f</subfield><subfield code="2">cjurrom</subfield></datafield><datafield ind1="0" ind2="0" tag="245"><subfield code="a">NJW Spezial</subfield><subfield code="b">die wichtigsten Informationen zu speziellen Rechtsgebieten</subfield></datafield><datafield ind1="1" ind2=" " tag="246"><subfield code="a">NJW Spezial</subfield><subfield code="b">die wichtigsten Informationen zu zentralen Rechtsgebieten</subfield></datafield><datafield ind1=" " ind2="1" tag="264"><subfield code="a">München</subfield><subfield code="b">C.H. Beck</subfield><subfield code="c">2004-</subfield></datafield><datafield ind1=" " ind2=" " tag="300"><subfield code="a">Bände</subfield></datafield><datafield ind1=" " ind2=" " tag="310"><subfield code="a">Bimensuel,</subfield><subfield code="b">2008-</subfield></datafield><datafield ind1=" " ind2=" " tag="321"><subfield code="a">Mensuel,</subfield><subfield code="b">2004-2007</subfield></datafield><datafield ind1=" " ind2=" " tag="336"><subfield code="b">txt</subfield><subfield code="2">rdacontent</subfield></datafield><datafield ind1=" " ind2=" " tag="337"><subfield code="b">n</subfield><subfield code="2">rdamedia</subfield></datafield><datafield ind1=" " ind2=" " tag="338"><subfield code="b">nc</subfield><subfield code="2">rdacarrier</subfield></datafield><datafield ind1="0" ind2=" " tag="362"><subfield code="a">2004, H. 1(Mai)-</subfield></datafield><datafield ind1=" " ind2=" " tag="500"><subfield code="a">Sous-titre de la couverture: die wichtigsten Informationen zu zentralen Rechtsgebieten</subfield></datafield><datafield ind1=" " ind2=" " tag="500"><subfield code="a">Im Jahresregister auch mit Jg.-Zählung</subfield></datafield><datafield ind1=" " ind2=" " tag="524"><subfield code="a">njwspe</subfield></datafield><datafield ind1=" " ind2=" " tag="580"><subfield code="a">Suppl. de : NJW : Neue juristische Wochenschrift</subfield></datafield><datafield ind1=" " ind2="7" tag="650"><subfield code="a">Rechtswissenschaft</subfield><subfield code="9">ger</subfield><subfield code="0">(RERO)jurivoc000018511ger</subfield><subfield code="2">jurivoc</subfield></datafield><datafield ind1=" " ind2="7" tag="650"><subfield code="a">Recht</subfield><subfield code="2">idszbz</subfield></datafield><datafield ind1=" " ind2="7" tag="650"><subfield code="a">Recht</subfield><subfield code="0">(DE-588)4048737-4</subfield><subfield code="2">gnd</subfield></datafield><datafield ind1=" " ind2="7" tag="650"><subfield code="a">Recht</subfield><subfield code="z">Deutschland (BRD)</subfield><subfield code="v">Zeitschrift</subfield><subfield code="2">idsbb</subfield></datafield><datafield ind1=" " ind2="7" tag="651"><subfield code="a">Deutschland</subfield><subfield code="9">ger</subfield><subfield code="0">(RERO)jurivoc000005510ger</subfield><subfield code="2">jurivoc</subfield></datafield><datafield ind1=" " ind2="7" tag="651"><subfield code="a">Deutschland</subfield><subfield code="2">idszbz</subfield></datafield><datafield ind1=" " ind2="7" tag="651"><subfield code="a">Deutschland</subfield><subfield code="0">(DE-588)4011882-4</subfield><subfield code="2">gnd</subfield></datafield><datafield ind1=" " ind2="7" tag="655"><subfield code="a">Periodikum</subfield><subfield code="9">ger</subfield><subfield code="2">jurivoc</subfield><subfield code="0">(RERO)jurivoc000017014ger</subfield></datafield><datafield ind1=" " ind2="7" tag="655"><subfield code="a">Zeitschrift</subfield><subfield code="2">idszbz</subfield></datafield><datafield ind1=" " ind2="7" tag="655"><subfield code="a">Zeitschrift</subfield><subfield code="2">gnd-content</subfield></datafield><datafield ind1="0" ind2=" " tag="772"><subfield code="t">Neue juristische Wochenschrift</subfield><subfield code="w">(NEBIS)000985556EBI01</subfield></datafield><datafield ind1="0" ind2=" " tag="772"><subfield code="t">NJW : Neue juristische Wochenschrift</subfield><subfield code="w">(RERO)0407912-41slsp</subfield></datafield><datafield ind1="0" ind2="8" tag="776"><subfield code="i">Online-Ausgabe</subfield><subfield code="w">(IDSSG)000971452HSB01</subfield></datafield><datafield ind1="0" ind2="8" tag="776"><subfield code="i">Erscheint auch als Online-Ausgabe</subfield><subfield code="t">NJW-Spezial</subfield></datafield><datafield ind1="0" ind2="0" tag="780"><subfield code="t">Anwalt</subfield><subfield code="w">(IDSBB)002229825DSV01</subfield></datafield><datafield ind1=" " ind2=" " tag="900"><subfield code="a">IDSZ2zbzzss200409e</subfield><subfield code="c">IDSZ2corr</subfield><subfield code="d">IDSZ2zbzswk200512u</subfield></datafield><datafield ind1=" " ind2=" " tag="900"><subfield code="a">IDSZ2rwizss200705l</subfield><subfield code="c">IDSZ2biss</subfield><subfield code="d">IDSZ2rwiswk200504b</subfield><subfield code="e">IDSZ2mash</subfield></datafield></record>
</metadata></record>