<record><header><identifier>oai:alma.41SLSP_UGE:991000104099705502</identifier><datestamp>2023-03-01T01:10:26Z</datestamp><setSpec>UNIGE_ALL</setSpec></header><metadata>
<record xmlns="http://www.loc.gov/MARC21/slim" xmlns:xsi="http://www.w3.org/2001/XMLSchema-instance" xsi:schemaLocation="http://www.loc.gov/MARC21/slim http://www.loc.gov/standards/marcxml/schema/MARC21slim.xsd"><leader>01424njm a22003857c 4500</leader><controlfield tag="001">991000104099705502</controlfield><controlfield tag="005">20210207114951.0</controlfield><controlfield tag="007">sd b||||||||||</controlfield><controlfield tag="008">201012s1970    xx ||n |            eng d</controlfield><datafield ind1="0" ind2="2" tag="028"><subfield code="a">Jazz Connoisseur JC 111</subfield></datafield><datafield ind1="0" ind2="2" tag="028"><subfield code="a">JC 111</subfield></datafield><datafield ind1=" " ind2=" " tag="035"><subfield code="a">(swissbib)238247546-41slsp_network</subfield></datafield><datafield ind1=" " ind2=" " tag="035"><subfield code="a">238247546</subfield><subfield code="9">ExL</subfield></datafield><datafield ind1=" " ind2=" " tag="035"><subfield code="a">(RERO)R006021269-41slsp</subfield></datafield><datafield ind1=" " ind2=" " tag="035"><subfield code="a">(NEBIS)005599239EBI01</subfield></datafield><datafield ind1=" " ind2=" " tag="035"><subfield code="a">(EXLNZ-41SLSP_NETWORK)991111796079705501</subfield></datafield><datafield ind1=" " ind2=" " tag="040"><subfield code="a">RERO geulmu</subfield><subfield code="d">CH-ZuSLS</subfield></datafield><datafield ind1=" " ind2="7" tag="072"><subfield code="a">mu</subfield><subfield code="2">rero</subfield></datafield><datafield ind1="1" ind2=" " tag="100"><subfield code="6">880-01</subfield><subfield code="a">Taylor, Cecil</subfield><subfield code="c">musicien</subfield><subfield code="d">1929-2018</subfield><subfield code="0">(IDREF)08210543X</subfield><subfield code="4">cre</subfield></datafield><datafield ind1="1" ind2=" " tag="880"><subfield code="a">Taylor, Cecil</subfield><subfield code="d">1929-2018</subfield><subfield code="0">(DE-588)119066904</subfield><subfield code="6">100-01</subfield></datafield><datafield ind1="1" ind2="0" tag="245"><subfield code="a">Cecil Taylor Quartet in Europe</subfield><subfield code="c">Cecil Taylor</subfield></datafield><datafield ind1=" " ind2="1" tag="264"><subfield code="a">[Lieu de publication non identifié]</subfield><subfield code="b">[éditeur non identifié]</subfield><subfield code="c">[ca. 1970]</subfield></datafield><datafield ind1=" " ind2=" " tag="300"><subfield code="a">1 Schallplatte</subfield><subfield code="b">33 Upm, mono</subfield></datafield><datafield ind1=" " ind2=" " tag="336"><subfield code="b">prm</subfield><subfield code="2">rdacontent</subfield></datafield><datafield ind1=" " ind2=" " tag="337"><subfield code="b">s</subfield><subfield code="2">rdamedia</subfield></datafield><datafield ind1=" " ind2=" " tag="338"><subfield code="b">sd</subfield><subfield code="2">rdacarrier</subfield></datafield><datafield ind1=" " ind2=" " tag="500"><subfield code="a">Formation: piano, saxophone alto, saxophone ténor prenant saxophone soprano, batterie</subfield></datafield><datafield ind1=" " ind2=" " tag="500"><subfield code="a">Inhalt: Improvisation 1 ; Improvisation 2</subfield></datafield><datafield ind1="0" ind2=" " tag="511"><subfield code="a">Cecil Taylor (Kl); Cecil Taylor Quartet</subfield></datafield><datafield ind1=" " ind2="7" tag="655"><subfield code="a">Schallplatte</subfield><subfield code="2">gnd-carrier</subfield></datafield><datafield ind1=" " ind2=" " tag="690"><subfield code="a">Jazz</subfield><subfield code="2">nebis-E4</subfield></datafield><datafield ind1="1" ind2=" " tag="700"><subfield code="a">Cyrille, Andrew</subfield><subfield code="d">1939-....</subfield><subfield code="0">(IDREF)15983936X</subfield></datafield><datafield ind1="1" ind2=" " tag="700"><subfield code="a">Lyons, Jimmy</subfield><subfield code="d">1931-1986</subfield><subfield code="0">(IDREF)172734835</subfield></datafield><datafield ind1="1" ind2=" " tag="700"><subfield code="a">Rivers, Sam</subfield><subfield code="d">1923-2011</subfield><subfield code="0">(IDREF)086913999</subfield></datafield><datafield ind1="2" ind2=" " tag="710"><subfield code="a">Cecil Taylor Quartet</subfield><subfield code="0">(DE-588)5209707-9</subfield></datafield><datafield ind1=" " ind2=" " tag="900"><subfield code="a">REROnoselfmerge</subfield></datafield></record>
</metadata></record>