<record><header><identifier>oai:alma.41SLSP_UGE:991000104519705502</identifier><datestamp>2023-03-01T01:10:26Z</datestamp><setSpec>uge_bcen_RapidILL_BOOK</setSpec><setSpec>uge_aaca_RapidILL_BOOK</setSpec><setSpec>uge_abels_RapidILL_BOOK</setSpec><setSpec>uge_dbu_RapidILL_BOOK</setSpec><setSpec>uge_cmu_RapidILL_BOOK</setSpec><setSpec>uge_mail_RapidILL_BOOK</setSpec><setSpec>UNIGE_ALL</setSpec><setSpec>uge_abbat_RapidILL_BOOK</setSpec><setSpec>uge_aobs_RapidILL_BOOK</setSpec><setSpec>uge_acar_RapidILL_BOOK</setSpec></header><metadata>
<record xmlns="http://www.loc.gov/MARC21/slim" xmlns:xsi="http://www.w3.org/2001/XMLSchema-instance" xsi:schemaLocation="http://www.loc.gov/MARC21/slim http://www.loc.gov/standards/marcxml/schema/MARC21slim.xsd"><leader>02112nam a2200541 c 4500</leader><controlfield tag="001">991000104519705502</controlfield><controlfield tag="005">20211113152408.0</controlfield><controlfield tag="008">201011s1987    it ||||| |||| 00| ||ita d</controlfield><datafield ind1=" " ind2=" " tag="035"><subfield code="a">(swissbib)229994415-41slsp_network</subfield></datafield><datafield ind1=" " ind2=" " tag="035"><subfield code="a">229994415</subfield><subfield code="9">ExL</subfield></datafield><datafield ind1=" " ind2=" " tag="035"><subfield code="a">(RERO)1003870-41slsp</subfield></datafield><datafield ind1=" " ind2=" " tag="035"><subfield code="a">(NEBIS)005983276EBI01</subfield></datafield><datafield ind1=" " ind2=" " tag="035"><subfield code="a">(SBT)000027411SBT01</subfield></datafield><datafield ind1=" " ind2=" " tag="035"><subfield code="a">(NEBIS)008088704EBI01</subfield></datafield><datafield ind1=" " ind2=" " tag="035"><subfield code="a">(EXLNZ-41SLSP_NETWORK)991145878999705501</subfield></datafield><datafield ind1=" " ind2=" " tag="040"><subfield code="a">RERO frbcuc</subfield><subfield code="d">CH-ZuSLS</subfield></datafield><datafield ind1=" " ind2="7" tag="072"><subfield code="a">it</subfield><subfield code="2">rero</subfield></datafield><datafield ind1=" " ind2="7" tag="072"><subfield code="a">sp</subfield><subfield code="2">rero</subfield></datafield><datafield ind1="1" ind2="4" tag="082"><subfield code="a">085.1</subfield><subfield code="2">21</subfield></datafield><datafield ind1="1" ind2=" " tag="100"><subfield code="a">Beccaria, Cesare</subfield><subfield code="d">1738-1794</subfield><subfield code="0">(IDREF)026713357</subfield><subfield code="4">cre</subfield></datafield><datafield ind1="1" ind2="0" tag="245"><subfield code="a">Atti di governo</subfield><subfield code="c">Cesare Beccaria.</subfield><subfield code="p">Nota al testo e glossario / di Rosalba Canetta.</subfield><subfield code="p">Bibliografia / di Luigi Firpo</subfield></datafield><datafield ind1=" " ind2=" " tag="250"><subfield code="a">Ed. provvisoria</subfield></datafield><datafield ind1=" " ind2="1" tag="264"><subfield code="a">Milano</subfield><subfield code="b">Mediobanca</subfield><subfield code="c">1987</subfield></datafield><datafield ind1=" " ind2=" " tag="300"><subfield code="a">79 p.</subfield><subfield code="c">26 cm</subfield></datafield><datafield ind1=" " ind2=" " tag="336"><subfield code="b">txt</subfield><subfield code="2">rdacontent</subfield></datafield><datafield ind1=" " ind2=" " tag="337"><subfield code="b">n</subfield><subfield code="2">rdamedia</subfield></datafield><datafield ind1=" " ind2=" " tag="338"><subfield code="b">nc</subfield><subfield code="2">rdacarrier</subfield></datafield><datafield ind1="1" ind2=" " tag="490"><subfield code="a">Edizione nazionale delle opere / di Cesare Beccaria</subfield></datafield><datafield ind1="1" ind2=" " tag="490"><subfield code="a">Atti di governo</subfield><subfield code="v">[parte 4, Suppl.]</subfield></datafield><datafield ind1="1" ind2="0" tag="600"><subfield code="a">Beccaria, Cesare</subfield><subfield code="c">marchese di</subfield><subfield code="d">1738-1794</subfield></datafield><datafield ind1="1" ind2="0" tag="600"><subfield code="a">Beccaria, Cesare</subfield><subfield code="c">marchese di</subfield><subfield code="d">1738-1794</subfield><subfield code="v">Bibliography</subfield></datafield><datafield ind1=" " ind2="0" tag="651"><subfield code="a">Italy</subfield><subfield code="x">History</subfield><subfield code="y">18th century</subfield><subfield code="x">Sources</subfield></datafield><datafield ind1=" " ind2="0" tag="651"><subfield code="a">Lombardy (Italy)</subfield><subfield code="x">History</subfield><subfield code="y">Austrian rule, 1714-1796</subfield></datafield><datafield ind1=" " ind2=" " tag="690"><subfield code="a">Beccaria, Cesare</subfield><subfield code="2">uzb-UL</subfield></datafield><datafield ind1=" " ind2=" " tag="690"><subfield code="a">Quelle 1771-1777</subfield><subfield code="2">uzb-UL</subfield></datafield><datafield ind1=" " ind2=" " tag="690"><subfield code="a">Bibliographie</subfield><subfield code="2">uzb-UL</subfield></datafield><datafield ind1=" " ind2=" " tag="690"><subfield code="a">Wörterbuch</subfield><subfield code="2">uzb-UL</subfield></datafield><datafield ind1=" " ind2=" " tag="691"><subfield code="e">858.6</subfield><subfield code="a">Scritti miscellanei italiani, 1748-1814</subfield><subfield code="2">usi-TE</subfield></datafield><datafield ind1="1" ind2=" " tag="700"><subfield code="a">Beccaria, Cesare</subfield><subfield code="d">1735-1793</subfield><subfield code="0">(DE-588)118855263</subfield></datafield><datafield ind1="1" ind2=" " tag="700"><subfield code="a">Beccaria, Cesare</subfield><subfield code="0">(SBT11)000000795</subfield></datafield><datafield ind1="1" ind2=" " tag="700"><subfield code="a">Firpo, Luigi</subfield><subfield code="d">1915-1989</subfield><subfield code="0">(IDREF)028472837</subfield></datafield><datafield ind1="1" ind2=" " tag="700"><subfield code="a">Canetta, Rosalba</subfield><subfield code="d">19..-....</subfield><subfield code="0">(IDREF)029087546</subfield></datafield><datafield ind1="0" ind2="2" tag="740"><subfield code="a">Bibliografia</subfield></datafield><datafield ind1="1" ind2=" " tag="800"><subfield code="a">Beccaria, Cesare Bonesana</subfield><subfield code="t">Edizione nazionale delle opere</subfield></datafield><datafield ind1="1" ind2=" " tag="800"><subfield code="a">Beccaria, Cesare</subfield><subfield code="d">1735-1793</subfield><subfield code="t">Atti di governo</subfield><subfield code="v">4/2</subfield><subfield code="w">(NEBIS)009299266EBI01</subfield></datafield><datafield ind1="1" ind2=" " tag="800"><subfield code="a">Beccaria, Cesare</subfield><subfield code="t">Edizione nazionale delle opere</subfield><subfield code="w">(SBT)000004405SBT01</subfield></datafield><datafield ind1="1" ind2=" " tag="800"><subfield code="a">Beccaria, Cesare</subfield><subfield code="d">1735-1793</subfield><subfield code="t">Werke</subfield><subfield code="w">(NEBIS)001014493EBI01</subfield></datafield><datafield ind1=" " ind2=" " tag="900"><subfield code="a">REROnoselfmerge</subfield></datafield><datafield ind1=" " ind2=" " tag="900"><subfield code="a">IDSZ2zbzmon201002r</subfield><subfield code="c">IDSZ2kalh</subfield></datafield><datafield ind1=" " ind2=" " tag="993"><subfield code="a">BFLB 9911/6/S</subfield><subfield code="x">ge/ulit/a/flz 3754/6/s</subfield><subfield code="9">LOCAL</subfield></datafield></record>
</metadata></record>