<record><header><identifier>oai:alma.41SLSP_UGE:991000104219705502</identifier><datestamp>2024-10-07T00:05:50Z</datestamp><setSpec>uge_bcen_RapidILL_BOOK</setSpec><setSpec>uge_aaca_RapidILL_BOOK</setSpec><setSpec>uge_abels_RapidILL_BOOK</setSpec><setSpec>uge_dbu_RapidILL_BOOK</setSpec><setSpec>uge_cmu_RapidILL_BOOK</setSpec><setSpec>uge_mail_RapidILL_BOOK</setSpec><setSpec>uge_abbat_RapidILL_BOOK</setSpec><setSpec>UNIGE_ALL</setSpec><setSpec>uge_aobs_RapidILL_BOOK</setSpec><setSpec>uge_acar_RapidILL_BOOK</setSpec></header><metadata>
<record xmlns="http://www.loc.gov/MARC21/slim" xmlns:xsi="http://www.w3.org/2001/XMLSchema-instance" xsi:schemaLocation="http://www.loc.gov/MARC21/slim http://www.loc.gov/standards/marcxml/schema/MARC21slim.xsd"><leader>03497nam a22005532c 4500</leader><controlfield tag="001">991000104219705502</controlfield><controlfield tag="005">20230407155744.0</controlfield><controlfield tag="008">201011s2013    fr ||||| |||| 00| ||fre d</controlfield><datafield ind1=" " ind2=" " tag="020"><subfield code="a">9782100701292</subfield><subfield code="q">broché</subfield></datafield><datafield ind1=" " ind2=" " tag="020"><subfield code="a">2100701290</subfield><subfield code="q">br</subfield></datafield><datafield ind1="7" ind2=" " tag="024"><subfield code="a">http://catalogue.bnf.fr/ark:/12148/cb437058909</subfield><subfield code="2">uri</subfield></datafield><datafield ind1=" " ind2=" " tag="035"><subfield code="a">(swissbib)230991300-41slsp_network</subfield></datafield><datafield ind1=" " ind2=" " tag="035"><subfield code="a">230991300</subfield><subfield code="9">ExL</subfield></datafield><datafield ind1=" " ind2=" " tag="035"><subfield code="a">(RERO)R007520779-41slsp</subfield></datafield><datafield ind1=" " ind2=" " tag="035"><subfield code="a">(NEBIS)010015725EBI01</subfield></datafield><datafield ind1=" " ind2=" " tag="035"><subfield code="a">(OCoLC)862967420</subfield></datafield><datafield ind1=" " ind2=" " tag="035"><subfield code="a">(EXLNZ-41SLSP_NETWORK)991016166229705501</subfield></datafield><datafield ind1=" " ind2=" " tag="040"><subfield code="a">RERO labcud</subfield><subfield code="d">CH-ZuSLS</subfield></datafield><datafield ind1=" " ind2="7" tag="072"><subfield code="a">ps</subfield><subfield code="2">rero</subfield></datafield><datafield ind1="0" ind2="0" tag="245"><subfield code="a">Subjectivation et empathie dans les mondes numériques</subfield><subfield code="c">Serge Tisseron ; B. Virole ... [et al.]</subfield></datafield><datafield ind1=" " ind2="1" tag="264"><subfield code="a">Paris</subfield><subfield code="b">Dunod</subfield><subfield code="c">2013</subfield></datafield><datafield ind1=" " ind2=" " tag="300"><subfield code="a">XII, 178 p.</subfield></datafield><datafield ind1=" " ind2=" " tag="336"><subfield code="b">txt</subfield><subfield code="2">rdacontent</subfield></datafield><datafield ind1=" " ind2=" " tag="337"><subfield code="b">n</subfield><subfield code="2">rdamedia</subfield></datafield><datafield ind1=" " ind2=" " tag="338"><subfield code="b">nc</subfield><subfield code="2">rdacarrier</subfield></datafield><datafield ind1="0" ind2=" " tag="490"><subfield code="a">Inconscient et culture</subfield></datafield><datafield ind1=" " ind2=" " tag="504"><subfield code="a">Index, bibliogr.</subfield></datafield><datafield ind1="8" ind2=" " tag="520"><subfield code="a">Alors que de nombreuses publications déplorent les dangers des mondes numériques, les auteurs réunis ici montrent qu'ils participent à la construction du monde intérieur de chacun, exactement comme les relations en présence physique. Et, là aussi, ce sont souvent les expériences corporelles qui tiennent la clé de ce qui s'y passe : le corps réel du joueur mobilisé au rythme des gestes imposés par le gameplay, les corps imaginaires multiples incarnés à travers les avatars, le corps de l'autre anticipé dans la rencontre en ligne, ou encore le partage d'expériences corporelles extrêmes comme fondement d'une communauté pourtant virtuelle. Le concept d'empathie, parce qu'il place le corps au centre des expériences, devient alors naturellement un fil conducteur privilégié. Il conduit les auteurs à prendre leur distance par rapport au concept de sujet pour mettre en avant l'importance de l'intersubjectivité et du processus de subjectivation. L'essentiel consiste pour chacun dans la façon dont il s'approprie ses expériences personnelles du monde en interrelation avec les autres, et les mondes numériques sont appelés à y prendre une place de plus en plus importante.</subfield><subfield code="5">RERO/neuses/02.2014</subfield></datafield><datafield ind1=" " ind2="7" tag="650"><subfield code="a">Technologies de l'information et de la communication</subfield><subfield code="0">(IDREF)052499103</subfield><subfield code="2">idref</subfield></datafield><datafield ind1=" " ind2="7" tag="650"><subfield code="a">Jeux vidéo</subfield><subfield code="0">(IDREF)02767391X</subfield><subfield code="2">idref</subfield></datafield><datafield ind1=" " ind2="7" tag="650"><subfield code="a">Intersubjectivité</subfield><subfield code="0">(IDREF)027450902</subfield><subfield code="2">idref</subfield></datafield><datafield ind1=" " ind2="7" tag="650"><subfield code="a">Empathie</subfield><subfield code="0">(IDREF)027843084</subfield><subfield code="2">idref</subfield></datafield><datafield ind1=" " ind2="7" tag="650"><subfield code="a">Sujet (psychologie)</subfield><subfield code="0">(IDREF)035313331</subfield><subfield code="2">idref</subfield></datafield><datafield ind1=" " ind2="7" tag="650"><subfield code="a">Einfühlung</subfield><subfield code="0">(DE-588)4133262-3</subfield><subfield code="2">gnd</subfield></datafield><datafield ind1=" " ind2="7" tag="650"><subfield code="a">Intersubjektivität</subfield><subfield code="0">(DE-588)4027489-5</subfield><subfield code="2">gnd</subfield></datafield><datafield ind1=" " ind2="7" tag="650"><subfield code="a">Virtuelle Realität</subfield><subfield code="0">(DE-588)4399931-1</subfield><subfield code="2">gnd</subfield></datafield><datafield ind1=" " ind2="7" tag="650"><subfield code="a">Sujet (psychologie)</subfield><subfield code="2">ram</subfield></datafield><datafield ind1=" " ind2="7" tag="650"><subfield code="a">Empathie</subfield><subfield code="2">ram</subfield></datafield><datafield ind1=" " ind2="7" tag="650"><subfield code="a">Intersubjectivité</subfield><subfield code="2">ram</subfield></datafield><datafield ind1=" " ind2="7" tag="650"><subfield code="a">Nouvelles technologies de l'information et de la communication</subfield><subfield code="x">Aspect psychologique</subfield><subfield code="2">ram</subfield></datafield><datafield ind1=" " ind2="7" tag="650"><subfield code="a">Jeux vidéo</subfield><subfield code="x">Aspect psychologique</subfield><subfield code="2">ram</subfield></datafield><datafield ind1=" " ind2="7" tag="650"><subfield code="a">Réalité virtuelle</subfield><subfield code="x">Aspect psychologique</subfield><subfield code="2">ram</subfield></datafield><datafield ind1=" " ind2="7" tag="655"><subfield code="a">[Études diverses]</subfield><subfield code="0">(RERO)A022249905</subfield><subfield code="2">rero</subfield></datafield><datafield ind1="1" ind2=" " tag="700"><subfield code="a">Virole, Benoît</subfield><subfield code="d">1957-....</subfield><subfield code="0">(IDREF)030403944</subfield></datafield><datafield ind1="1" ind2=" " tag="700"><subfield code="a">Tisseron, Serge</subfield><subfield code="c">psychiatre et psychanalyste</subfield><subfield code="d">1948-....</subfield><subfield code="0">(IDREF)027164047</subfield></datafield><datafield ind1="4" ind2=" " tag="856"><subfield code="3">Titelblatt und Inhaltsverzeichnis</subfield><subfield code="u">https://toc.library.ethz.ch/objects/pdf03/z01_978-2-10-070129-2_01.pdf</subfield><subfield code="q">pdf</subfield></datafield><datafield ind1=" " ind2=" " tag="900"><subfield code="a">REROnoselfmerge</subfield></datafield><datafield ind1=" " ind2=" " tag="900"><subfield code="a">IDSZ2zbzmon201402f</subfield><subfield code="c">IDSZ2hilb</subfield><subfield code="d">IDSZ2zbzswk201403b</subfield><subfield code="e">IDSZ2bucp</subfield></datafield><datafield ind1=" " ind2=" " tag="911"><subfield code="a">700</subfield><subfield code="a">Virole, Benoît</subfield><subfield code="d">1957-</subfield></datafield><datafield ind1=" " ind2=" " tag="949"><subfield code="a">https://toc.library.ethz.ch/objects/pdf03/z01_978-2-10-070129-2_01.pdf</subfield></datafield></record>
</metadata></record>