<record><header><identifier>oai:alma.41SLSP_UGE:991000104739705502</identifier><datestamp>2023-11-25T02:44:38Z</datestamp><setSpec>uge_bcen_RapidILL_BOOK</setSpec><setSpec>uge_aaca_RapidILL_BOOK</setSpec><setSpec>uge_abels_RapidILL_BOOK</setSpec><setSpec>uge_dbu_RapidILL_BOOK</setSpec><setSpec>uge_cmu_RapidILL_BOOK</setSpec><setSpec>uge_mail_RapidILL_BOOK</setSpec><setSpec>uge_abbat_RapidILL_BOOK</setSpec><setSpec>UNIGE_ALL</setSpec><setSpec>uge_acar_RapidILL_BOOK</setSpec><setSpec>uge_aobs_RapidILL_BOOK</setSpec></header><metadata>
<record xmlns="http://www.loc.gov/MARC21/slim" xmlns:xsi="http://www.w3.org/2001/XMLSchema-instance" xsi:schemaLocation="http://www.loc.gov/MARC21/slim http://www.loc.gov/standards/marcxml/schema/MARC21slim.xsd"><leader>01819naa a2200385 c 4500</leader><controlfield tag="001">991000104739705502</controlfield><controlfield tag="005">20230630215434.0</controlfield><controlfield tag="008">120223s2012    sz ||||| |||| 00| ||ger d</controlfield><datafield ind1=" " ind2=" " tag="035"><subfield code="a">(swissbib)115586830-41slsp_network</subfield></datafield><datafield ind1=" " ind2=" " tag="035"><subfield code="a">115586830</subfield><subfield code="9">ExL</subfield></datafield><datafield ind1=" " ind2=" " tag="035"><subfield code="a">(RERO)R007006735-41slsp</subfield></datafield><datafield ind1=" " ind2=" " tag="035"><subfield code="a">(ALEX)bv001466183</subfield></datafield><datafield ind1=" " ind2=" " tag="035"><subfield code="a">(EXLNZ-41SLSP_NETWORK)991085091309705501</subfield></datafield><datafield ind1=" " ind2=" " tag="040"><subfield code="a">RERO iftfla</subfield><subfield code="d">CH-ZuSLS</subfield></datafield><datafield ind1=" " ind2=" " tag="044"><subfield code="a">sz</subfield><subfield code="c">ch-zh</subfield></datafield><datafield ind1=" " ind2="7" tag="072"><subfield code="a">dr</subfield><subfield code="2">rero</subfield></datafield><datafield ind1=" " ind2=" " tag="084"><subfield code="a">CA/CH 11 i</subfield><subfield code="2">cjurrom</subfield></datafield><datafield ind1=" " ind2=" " tag="084"><subfield code="a">CA/CH 86 i</subfield><subfield code="2">cjurrom</subfield></datafield><datafield ind1="1" ind2=" " tag="100"><subfield code="a">Passadelis, Nicolas</subfield><subfield code="c">juriste</subfield><subfield code="0">(IDREF)070007330</subfield><subfield code="4">cre</subfield></datafield><datafield ind1="1" ind2="0" tag="245"><subfield code="a">&lt;&lt;Die&gt;&gt; Rechtsprechung des Bundesgerichts und des Bundesverwaltungsgerichts im Markenrecht</subfield><subfield code="b">Versuch eines Zahlenvergleichs</subfield><subfield code="c">Nicolas Passadelis, Nicole Furrer</subfield></datafield><datafield ind1=" " ind2=" " tag="336"><subfield code="b">txt</subfield><subfield code="2">rdacontent</subfield></datafield><datafield ind1=" " ind2=" " tag="337"><subfield code="b">n</subfield><subfield code="2">rdamedia</subfield></datafield><datafield ind1=" " ind2=" " tag="338"><subfield code="b">nc</subfield><subfield code="2">rdacarrier</subfield></datafield><datafield ind1=" " ind2=" " tag="500"><subfield code="a">Deutscher Text mit Zusfassung in Deutsch und Franz.</subfield></datafield><datafield ind1=" " ind2=" " tag="580"><subfield code="a">In: Sic !. - Zürich. - 2012, H. 2, S. 86-91</subfield></datafield><datafield ind1=" " ind2="7" tag="650"><subfield code="a">Gerichts- und Verwaltungspraxis</subfield><subfield code="9">ger</subfield><subfield code="0">(RERO)jurivoc000009624ger</subfield><subfield code="2">jurivoc</subfield></datafield><datafield ind1=" " ind2="7" tag="650"><subfield code="a">Markenschutz</subfield><subfield code="9">ger</subfield><subfield code="0">(RERO)jurivoc000014649ger</subfield><subfield code="2">jurivoc</subfield></datafield><datafield ind1=" " ind2="7" tag="650"><subfield code="a">Verfahren</subfield><subfield code="9">ger</subfield><subfield code="0">(RERO)jurivoc000024356ger</subfield><subfield code="2">jurivoc</subfield></datafield><datafield ind1=" " ind2="7" tag="650"><subfield code="a">Dauer</subfield><subfield code="9">ger</subfield><subfield code="0">(RERO)jurivoc000005323ger</subfield><subfield code="2">jurivoc</subfield></datafield><datafield ind1=" " ind2="7" tag="650"><subfield code="a">Prozesserledigung</subfield><subfield code="9">ger</subfield><subfield code="0">(RERO)jurivoc000017861ger</subfield><subfield code="2">jurivoc</subfield></datafield><datafield ind1=" " ind2="7" tag="650"><subfield code="a">Statistik</subfield><subfield code="9">ger</subfield><subfield code="0">(RERO)jurivoc000021291ger</subfield><subfield code="2">jurivoc</subfield></datafield><datafield ind1=" " ind2="7" tag="650"><subfield code="a">Bundesgericht</subfield><subfield code="9">ger</subfield><subfield code="0">(RERO)jurivoc000004684ger</subfield><subfield code="2">jurivoc</subfield></datafield><datafield ind1=" " ind2="7" tag="650"><subfield code="a">Bundesverwaltungsgericht</subfield><subfield code="9">ger</subfield><subfield code="0">(RERO)jurivoc000004915ger</subfield><subfield code="2">jurivoc</subfield></datafield><datafield ind1=" " ind2="7" tag="650"><subfield code="a">Organisation(Verfahren)</subfield><subfield code="9">ger</subfield><subfield code="0">(RERO)jurivoc000016631ger</subfield><subfield code="2">jurivoc</subfield></datafield><datafield ind1=" " ind2="7" tag="651"><subfield code="a">Schweiz</subfield><subfield code="9">ger</subfield><subfield code="0">(RERO)jurivoc000019912ger</subfield><subfield code="2">jurivoc</subfield></datafield><datafield ind1="1" ind2=" " tag="700"><subfield code="a">Furrer, Nicole</subfield><subfield code="0">(RERO)A020319867</subfield></datafield><datafield ind1="0" ind2=" " tag="773"><subfield code="t">Sic ! : Zeitschrift für Immaterialgüter-, Informations- und Wettbewerbsrecht</subfield><subfield code="g">2012/86</subfield><subfield code="g">yr:2012</subfield><subfield code="w">(RERO)R218073660-41slsp</subfield></datafield></record>
</metadata></record>