<record><header><identifier>oai:alma.41SLSP_UGE:991000104639705502</identifier><datestamp>2023-03-01T01:10:26Z</datestamp><setSpec>uge_bcen_RapidILL_BOOK</setSpec><setSpec>uge_aaca_RapidILL_BOOK</setSpec><setSpec>uge_abels_RapidILL_BOOK</setSpec><setSpec>uge_dbu_RapidILL_BOOK</setSpec><setSpec>uge_cmu_RapidILL_BOOK</setSpec><setSpec>uge_mail_RapidILL_BOOK</setSpec><setSpec>UNIGE_ALL</setSpec><setSpec>uge_abbat_RapidILL_BOOK</setSpec><setSpec>uge_aobs_RapidILL_BOOK</setSpec><setSpec>uge_acar_RapidILL_BOOK</setSpec></header><metadata>
<record xmlns="http://www.loc.gov/MARC21/slim" xmlns:xsi="http://www.w3.org/2001/XMLSchema-instance" xsi:schemaLocation="http://www.loc.gov/MARC21/slim http://www.loc.gov/standards/marcxml/schema/MARC21slim.xsd"><leader>03388nam a2200349 c 4500</leader><controlfield tag="001">991000104639705502</controlfield><controlfield tag="005">20230205204602.0</controlfield><controlfield tag="008">030211s1999    gr ||||| |||| 00| ||gre d</controlfield><datafield ind1=" " ind2=" " tag="020"><subfield code="a">9601207678</subfield></datafield><datafield ind1=" " ind2=" " tag="035"><subfield code="a">(swissbib)098650823-41slsp_network</subfield></datafield><datafield ind1=" " ind2=" " tag="035"><subfield code="a">098650823</subfield><subfield code="9">ExL</subfield></datafield><datafield ind1=" " ind2=" " tag="035"><subfield code="a">(RERO)R003310234-41slsp</subfield></datafield><datafield ind1=" " ind2=" " tag="035"><subfield code="a">(EXLNZ-41SLSP_NETWORK)991132312359705501</subfield></datafield><datafield ind1=" " ind2=" " tag="040"><subfield code="a">RERO geulgm</subfield><subfield code="d">CH-ZuSLS</subfield></datafield><datafield ind1="0" ind2=" " tag="041"><subfield code="a">ger</subfield><subfield code="a">gre</subfield></datafield><datafield ind1=" " ind2="7" tag="072"><subfield code="a">gr</subfield><subfield code="2">rero</subfield></datafield><datafield ind1="1" ind2=" " tag="100"><subfield code="a">Stanzel, Franz Karl</subfield><subfield code="d">1923-....</subfield><subfield code="0">(IDREF)028496280</subfield><subfield code="4">cre</subfield></datafield><datafield ind1="1" ind2="0" tag="245"><subfield code="6">880-01</subfield><subfield code="a">Theōria tēs aphēgēsēs</subfield><subfield code="b">= Theorie des Erzählens : me eisagōgē kai pinakes glōssaria orologias, hellēno-germaniko, germano-ellēniko kathōs kai pinakes onomatōn kai titlōn ergōn</subfield><subfield code="c">Franz K. Stanzel ; metaphrasē Kyriakē Chrysomallē-Henrich</subfield></datafield><datafield ind1="1" ind2="0" tag="880"><subfield code="6">245-01/(S</subfield><subfield code="a">Θεωρία της αφήγησης</subfield><subfield code="b">= Theorie des Erzählens : με εισαγωγή και πίνακες γλωσσάρια ορολογίας, ελληνο-γερμανικό, γερμανο-ελληνικό καθώς και πίνακες ονομάτων και τίτλων έργων</subfield><subfield code="c">Franz K. Stanzel ; μετάφραση Κυριακή Χρυσομάλλη-Henrich</subfield></datafield><datafield ind1="1" ind2=" " tag="246"><subfield code="a">Theo̲ria ti̲s afi̲gi̲si̲s = Theorie des Erzählens</subfield><subfield code="b">me eisago̲gi̲ kai pinakes glo̲ssaria orologias, elli̲no-germaniko, germano-elli̲niko katho̲s kai pinakes onomato̲n kai titlo̲n ergo̲n / Franz K. Stanzel ; metafrasi̲ Kyriaki̲ Chrysomalli̲-Henrich</subfield></datafield><datafield ind1=" " ind2="1" tag="264"><subfield code="6">880-02</subfield><subfield code="a">Thessaloniki̲</subfield><subfield code="b">University Studio Press</subfield><subfield code="c">1999</subfield></datafield><datafield ind1=" " ind2=" " tag="880"><subfield code="6">264-02/(S</subfield><subfield code="a">Χρυσομάλλη-Henrich, Κυριακή</subfield><subfield code="b">University Studio Press</subfield><subfield code="c">1999</subfield></datafield><datafield ind1=" " ind2=" " tag="300"><subfield code="a">425 p.</subfield><subfield code="c">25 cm</subfield></datafield><datafield ind1=" " ind2=" " tag="336"><subfield code="b">txt</subfield><subfield code="2">rdacontent</subfield></datafield><datafield ind1=" " ind2=" " tag="337"><subfield code="b">n</subfield><subfield code="2">rdamedia</subfield></datafield><datafield ind1=" " ind2=" " tag="338"><subfield code="b">nc</subfield><subfield code="2">rdacarrier</subfield></datafield><datafield ind1=" " ind2=" " tag="500"><subfield code="a">Trad. greque seule</subfield></datafield><datafield ind1=" " ind2="7" tag="650"><subfield code="a">Littérature</subfield><subfield code="0">(IDREF)027328570</subfield><subfield code="2">idref</subfield></datafield><datafield ind1=" " ind2="7" tag="650"><subfield code="a">récit</subfield><subfield code="0">(RERO)A009983620</subfield><subfield code="2">rerovoc</subfield></datafield><datafield ind1=" " ind2="7" tag="650"><subfield code="a">Narration</subfield><subfield code="0">(IDREF)027299988</subfield><subfield code="2">idref</subfield></datafield><datafield ind1="1" ind2=" " tag="700"><subfield code="6">880-03</subfield><subfield code="a">Chrysomálli-Henrich, Kyriakí</subfield><subfield code="d">19..-....</subfield><subfield code="0">(IDREF)240433327</subfield></datafield><datafield ind1="1" ind2=" " tag="880"><subfield code="6">700-03/(S</subfield><subfield code="a">Χρισομαλλή-Henrich, Κυριακή</subfield><subfield code="d">1946-</subfield></datafield><datafield ind1=" " ind2=" " tag="900"><subfield code="a">REROnoselfmerge</subfield></datafield></record>
</metadata></record>