<record><header><identifier>oai:alma.41SLSP_UGE:991000103909705502</identifier><datestamp>2024-04-11T00:27:52Z</datestamp><setSpec>uge_bcen_RapidILL_BOOK</setSpec><setSpec>uge_aaca_RapidILL_BOOK</setSpec><setSpec>uge_abels_RapidILL_BOOK</setSpec><setSpec>uge_dbu_RapidILL_BOOK</setSpec><setSpec>uge_cmu_RapidILL_BOOK</setSpec><setSpec>uge_mail_RapidILL_BOOK</setSpec><setSpec>uge_abbat_RapidILL_BOOK</setSpec><setSpec>UNIGE_ALL</setSpec><setSpec>uge_aobs_RapidILL_BOOK</setSpec><setSpec>uge_acar_RapidILL_BOOK</setSpec></header><metadata>
<record xmlns="http://www.loc.gov/MARC21/slim" xmlns:xsi="http://www.w3.org/2001/XMLSchema-instance" xsi:schemaLocation="http://www.loc.gov/MARC21/slim http://www.loc.gov/standards/marcxml/schema/MARC21slim.xsd"><leader>08567nam a2200805 c 4500</leader><controlfield tag="001">991000103909705502</controlfield><controlfield tag="005">20240410141457.0</controlfield><controlfield tag="008">201012t20192019xxk      m||| 000 0 eng|d</controlfield><datafield ind1=" " ind2=" " tag="015"><subfield code="a">GBB956006</subfield><subfield code="2">bnb</subfield></datafield><datafield ind1="7" ind2=" " tag="016"><subfield code="a">019326918</subfield><subfield code="2">Uk</subfield></datafield><datafield ind1=" " ind2=" " tag="020"><subfield code="z">9781780688459</subfield><subfield code="q">e-Book</subfield></datafield><datafield ind1=" " ind2=" " tag="020"><subfield code="a">9781780688282</subfield><subfield code="q">hardcover</subfield><subfield code="c">USD 138.00</subfield></datafield><datafield ind1=" " ind2=" " tag="020"><subfield code="a">1780688288</subfield></datafield><datafield ind1=" " ind2=" " tag="035"><subfield code="a">(swissbib)240444728-41slsp_network</subfield></datafield><datafield ind1=" " ind2=" " tag="035"><subfield code="a">240444728</subfield><subfield code="9">ExL</subfield></datafield><datafield ind1=" " ind2=" " tag="035"><subfield code="a">(IDSBB)007137612DSV01</subfield></datafield><datafield ind1=" " ind2=" " tag="035"><subfield code="a">(IDSLU)001380129ILU01</subfield></datafield><datafield ind1=" " ind2=" " tag="035"><subfield code="a">(RERO)R008915816-41slsp</subfield></datafield><datafield ind1=" " ind2=" " tag="035"><subfield code="a">(IDSSG)001040934HSB01</subfield></datafield><datafield ind1=" " ind2=" " tag="035"><subfield code="a">(OCoLC)1091648761</subfield><subfield code="z">(OCoLC)1090686105</subfield></datafield><datafield ind1=" " ind2=" " tag="035"><subfield code="a">(EXLNZ-41SLSP_NETWORK)991039250299705501</subfield></datafield><datafield ind1=" " ind2=" " tag="040"><subfield code="a">UKMGB</subfield><subfield code="b">ger</subfield><subfield code="e">rda</subfield><subfield code="d">CH-ZuSLS</subfield></datafield><datafield ind1=" " ind2=" " tag="043"><subfield code="a">e------</subfield></datafield><datafield ind1=" " ind2="4" tag="050"><subfield code="a">KJE1626</subfield><subfield code="b">.V36 2019</subfield></datafield><datafield ind1=" " ind2="7" tag="072"><subfield code="a">801</subfield><subfield code="2">IDS LU</subfield></datafield><datafield ind1=" " ind2="7" tag="072"><subfield code="a">dr</subfield><subfield code="2">rero</subfield></datafield><datafield ind1="0" ind2="4" tag="082"><subfield code="a">342.2408/58</subfield><subfield code="2">23</subfield></datafield><datafield ind1="1" ind2="4" tag="082"><subfield code="a">340</subfield><subfield code="2">15</subfield></datafield><datafield ind1="7" ind2="4" tag="082"><subfield code="a">340</subfield><subfield code="2">23sdnb</subfield></datafield><datafield ind1=" " ind2=" " tag="084"><subfield code="a">CA/CE 65.1 h</subfield><subfield code="2">cjurrom</subfield></datafield><datafield ind1=" " ind2=" " tag="084"><subfield code="a">CA/CE 52.3 h</subfield><subfield code="2">cjurrom</subfield></datafield><datafield ind1="1" ind2=" " tag="100"><subfield code="6">880-01</subfield><subfield code="a">Van Alsenoy, Brendan</subfield><subfield code="0">(DE-588)1194102220</subfield><subfield code="e">Verfasser</subfield><subfield code="4">aut</subfield></datafield><datafield ind1="1" ind2=" " tag="880"><subfield code="6">100-01</subfield><subfield code="a">Van Alsenoy, Brendan</subfield><subfield code="0">(IDREF)23633736X</subfield><subfield code="4">aut</subfield></datafield><datafield ind1="1" ind2="0" tag="245"><subfield code="a">Data protection law in the EU</subfield><subfield code="b">roles, responsibilities and liability</subfield><subfield code="c">Brendan Van Alsenoy</subfield></datafield><datafield ind1=" " ind2="1" tag="264"><subfield code="a">Cambridge, United Kingdom</subfield><subfield code="b">Intersentia</subfield><subfield code="c">[2019]</subfield></datafield><datafield ind1=" " ind2="4" tag="264"><subfield code="c">© 2019</subfield></datafield><datafield ind1=" " ind2=" " tag="300"><subfield code="a">xxv, 694 Seiten</subfield></datafield><datafield ind1=" " ind2=" " tag="336"><subfield code="b">txt</subfield><subfield code="2">rdacontent</subfield></datafield><datafield ind1=" " ind2=" " tag="337"><subfield code="b">n</subfield><subfield code="2">rdamedia</subfield></datafield><datafield ind1=" " ind2=" " tag="338"><subfield code="b">nc</subfield><subfield code="2">rdacarrier</subfield></datafield><datafield ind1="1" ind2=" " tag="490"><subfield code="a">KU Leuven Centre for IT &amp; IP Law series</subfield><subfield code="v">[6]</subfield></datafield><datafield ind1=" " ind2=" " tag="500"><subfield code="a">Titel der Dissertation: Regulating data protection: the allocation of responsibility and risk among actors involved in personal data processing</subfield></datafield><datafield ind1=" " ind2=" " tag="502"><subfield code="g">Überarbeitete</subfield><subfield code="b">Dissertation</subfield><subfield code="c">KU Leuven</subfield><subfield code="d">2016</subfield></datafield><datafield ind1=" " ind2=" " tag="504"><subfield code="a">Includes bibliographical references</subfield></datafield><datafield ind1="8" ind2=" " tag="520"><subfield code="a">Practically every organisation in the world processes personal data. European data protection law imposes a series of requirements designed to protect individuals against the risks that result from the processing of their data. It also distinguishes among different types of actors involved in the processing and sets out different obligations for each type of actor. The most important distinction in this regard is the distinction between &quot;controllers&quot; and &quot;processors&quot;. This book seeks to determine whether EU data protection law should continue to maintain its current distinction.</subfield></datafield><datafield ind1="2" ind2="7" tag="610"><subfield code="a">Union européenne</subfield><subfield code="0">(IDREF)032486324</subfield><subfield code="2">idref</subfield></datafield><datafield ind1="2" ind2="7" tag="610"><subfield code="a">Europäische Union</subfield><subfield code="t">Datenschutz-Grundverordnung</subfield><subfield code="0">(DE-588)1105568555</subfield><subfield code="2">gnd</subfield></datafield><datafield ind1="2" ind2="7" tag="610"><subfield code="a">Europäische Union</subfield><subfield code="0">(DE-588)5098525-5</subfield><subfield code="2">gnd</subfield></datafield><datafield ind1=" " ind2="7" tag="650"><subfield code="a">Data protection</subfield><subfield code="x">Law and legislation</subfield><subfield code="2">fast</subfield></datafield><datafield ind1=" " ind2="7" tag="650"><subfield code="a">Privacy, Right of</subfield><subfield code="2">fast</subfield></datafield><datafield ind1=" " ind2="0" tag="650"><subfield code="a">Data protection</subfield><subfield code="x">Law and legislation</subfield><subfield code="z">European Union countries</subfield></datafield><datafield ind1=" " ind2="0" tag="650"><subfield code="a">Privacy, Right of</subfield><subfield code="z">European Union countries</subfield></datafield><datafield ind1=" " ind2="7" tag="650"><subfield code="a">Protection de l'information (informatique)</subfield><subfield code="0">(IDREF)02801877X</subfield><subfield code="2">idref</subfield></datafield><datafield ind1=" " ind2="7" tag="650"><subfield code="a">Droit européen</subfield><subfield code="0">(IDREF)027467171</subfield><subfield code="2">idref</subfield></datafield><datafield ind1=" " ind2="7" tag="650"><subfield code="a">Datenschutz</subfield><subfield code="0">(DE-588)4011134-9</subfield><subfield code="2">gnd</subfield></datafield><datafield ind1=" " ind2="7" tag="651"><subfield code="a">Europe</subfield><subfield code="z">European Union countries</subfield><subfield code="2">fast</subfield></datafield><datafield ind1=" " ind2="7" tag="655"><subfield code="a">Hochschulschrift</subfield><subfield code="2">gnd-content</subfield></datafield><datafield ind1=" " ind2="7" tag="655"><subfield code="a">Thèses et écrits académiques</subfield><subfield code="0">(IDREF)027253139</subfield><subfield code="2">idref</subfield></datafield><datafield ind1=" " ind2=" " tag="690"><subfield code="a">Haftfestigkeit; Datenschutzbeauftragter; Verantwortung; Gesetz; Kontrolle; Schutzmaßnahme; Bewertung; Umfang; Sanktion; Spezifität; Meinungsfreiheit; Anwalt; Hardware; Controller; Schuldrecht; Antrag; Datenverarbeitung; Empfehlung; Lesung; Vertraulichkeit; Beziehung; Verteidigung; Grundprinzip; Steuerung; Nutzung; Anweisung; Mensch; Normung; Suchmaschine; Analyse; Geschäftsverteilung</subfield><subfield code="2">idssg-J</subfield></datafield><datafield ind1=" " ind2=" " tag="690"><subfield code="a">Schlussantrag; Controllerhaftung; Prozessorhaftung; Verwendungsbeschränkung; Anwendungsanbieter; Drittanbieter; Controlleranweisung; Datenminimierung; Datenqualität; Generalanwalt; Gleichverteilung; Schneiderverpflichtung; Vorratsdatenspeicherung; Datengesetz; Datenschutzverordnung; Endbenutzer; Löschrecht; Plattformanbieter; Praxisbeispiel; Suchmaschinenanbieter; Verarbeitungsmandat; Widerspruchsrecht; Datengenauigkeit; Gebietsumfang; Haftungsexposition; Identitätsmanagement; Infrastrukturanbieter; Interessenausgleich; Materialumfang; Problemstellung; Rechtssicherheit; Standardeinstellung; Subverarbeitung; Unternehmenssorge; Verhältnismäßigkeit; Datenbenutzer; Datenbroker; Einzelregler; Internetsuchmaschine; Anwendungsfall; Artikel29arbeitsgruppe; Binnenmarktinformationssystem; Binärdatei; Computerbüro; Controllerprozessormodell; Datenprozess; Datenschutzbehörde; Datenschutzbestimmung; Einzelperson; Endverbraucher; Forschungsfrage; Haftungsausschluss; Kontrollschwelle; Prozessorkonzept; Rechenschaftspflicht; Rechtspersönlichkeit; Rechtsverbindlichkeit; Regierungsstelle; Schlüsselelement; Schutzniveau; Seitenadministrator; Sorgfaltspflicht; Stand der Technik; Standpunkt; Stellungnahme; Steuerungskonzept; Tochterunternehmen; Unterscheide; Vertragsflexibilität; Vorlagefrage; Zweckbestimmung</subfield><subfield code="2">idssg-J</subfield></datafield><datafield ind1=" " ind2=" " tag="690"><subfield code="a">allgemeiner Ansatz; nationales Kapitel; wirksamer Schutz; abschließender Text; allgemeine Ausrichtung; allgemeine Datenschutzbestimmung; anderer Beobachter; anderer Schauspieler; beihilfefähiger Schaden; beihilfefähiger Schadenersatz; benutzergenerierter Inhalt; betroffene Person; datenschutzfreundliche Standardeinstellung; delegierbare Sorgfaltspflicht; dritte Gruppe; dynamische Perspektive; einzelner Controller; endgültiger Text; entscheidender Faktor; erste Lesung; erweiterte Verpflichtung; europäisches Parlament; falsche Single; falsche Tür; französisches Gesetz; gegenseitige Amtshilfe; gemeinsamer Controller; gemeinsame Kontrolle; gemeinsamer Kontrolleur; gemeinsamer Prüfer; gemeinsame Verantwortung; gesamtschuldnerische Haftung; gesetzliche Bestimmung; getrennte Kontrolle; geändert EGVorschlag; granulare Kontrolle; grenzüberschreitende Authentifizierung; grenzüberschreitender Datenfluss; grenzüberschreitende Identifizierung; grundlegende Schutzmaßnahme; hessisches Datenschutzgesetz; historischer Zusammenhang; historischvergleichende Analyse; interner Vergleich; internationale Anwendung; internationales Instrument; internationales Kapitel; internationale Zusammenarbeit; internationale Überweisung; junger Ausschuss; kaputte Binärdatei; kombinierter Ansatz; kontinuierliches Schutzniveau; kumulative Haftung; legislativer Vorschlag; leistungsorientierter Ansatz; letzter Stand; materielle Bestimmung; maßgebliche Quelle; mündliche Auseinandersetzung; nationale Anwendung; nationales Datenschutzgesetz; nationales Gesetz; nationales Komitee; nationale Umsetzung; optimale Spezifität; personenbezogenes Daten; persönliches Daten; persönlicher Gebrauch; persönliche Nutzung; proportionale Haftung; rollenbasierte Rechenschaftspflicht; schwedisches Datengesetz; separate Steuerung; soziales Netzwerk; spezifische Frage; starke Anerkennung; strafrechtliche Haftung; territorialer Ge</subfield><subfield code="2">idssg-J</subfield></datafield><datafield ind1=" " ind2=" " tag="690"><subfield code="a">ltungsbereich; verantwortlicher Halter; vereinigtes Königreich; verhältnismäßiger Ansatz; vertragliche Flexibilität; voller Umfang; vollständiger Schutz; vorherige Erklärung; vorherige Genehmigung; vorherige Konsultation; zusätzliche Funktion; zusätzliches Kriterium; zweite Lesung</subfield><subfield code="2">idssg-J</subfield></datafield><datafield ind1=" " ind2=" " tag="690"><subfield code="a">EU C4EU; Belgien C4EUBL; Spanien C4EUSP; Vereinigte Staaten C1USA; Großbritannien C4EUUK; Frankreich C4EUFR</subfield><subfield code="2">idssg-J</subfield></datafield><datafield ind1=" " ind2=" " tag="690"><subfield code="a">anwendungsanbieter SaaS; Brendan Van Alsenoy; Credential Service Provider; drittanbieter Tracker; Drittanbieter WebsiteBetreiber Vorlagefragen Schlussanträge; Due Diligence; erst Lesung Europäisches Parlament; gemeinsam Kontrolle Separate Steuerung; Generalanwalt Bobek; geändert EGVorschlag Standpunkt; grenzüberschreitend Datenflüsse Gegenseitige Amtshilfe; Infrastruktur Dienst Anbieter; infrastrukturanbieter IaaS; kumulativ Haftung Kapitel; LEUVEN ICiTiP Cambridge Antwerpen Chicago; Mahler; plattformanbieter PaaS; Point of Contact; prüfer Joint; Rat Zweite Lesung; Verarbeiter Interner Vergleich; XViii Intersentia; XXii Intersentia; Xx Intersentia iv; Xxi Intersentia OSNBenutzer; zusätzlich Kriterien Dynamische Perspektive</subfield><subfield code="2">idssg-J</subfield></datafield><datafield ind1=" " ind2=" " tag="691"><subfield code="e">PF 65.1</subfield><subfield code="2">rzs-L1</subfield></datafield><datafield ind1="1" ind2=" " tag="700"><subfield code="a">Alsenoy, Brendan van</subfield><subfield code="e">Verfasser</subfield><subfield code="4">aut</subfield></datafield><datafield ind1="4" ind2=" " tag="856"><subfield code="3">Inhaltsverzeichnis</subfield><subfield code="u">https://www.ub.unibas.ch/tox/IDSLUZ/001380129/PDF</subfield><subfield code="q">pdf</subfield></datafield><datafield ind1=" " ind2=" " tag="830"><subfield code="a">KU Leuven Centre for IT &amp; IP Law series</subfield><subfield code="v">6</subfield><subfield code="w">(RERO)R008957079-41slsp</subfield></datafield><datafield ind1=" " ind2=" " tag="900"><subfield code="a">IDSDSStoppsignal FRED</subfield></datafield><datafield ind1=" " ind2=" " tag="900"><subfield code="a">REROnoselfmerge</subfield></datafield><datafield ind1=" " ind2=" " tag="949"><subfield code="a">https://www.ub.unibas.ch/tox/IDSLUZ/001380129/PDF</subfield></datafield></record>
</metadata></record>