<record><header><identifier>oai:alma.41SLSP_UGE:991000104539705502</identifier><datestamp>2023-03-01T01:10:26Z</datestamp><setSpec>uge_bcen_RapidILL_BOOK</setSpec><setSpec>uge_aaca_RapidILL_BOOK</setSpec><setSpec>uge_abels_RapidILL_BOOK</setSpec><setSpec>uge_dbu_RapidILL_BOOK</setSpec><setSpec>uge_cmu_RapidILL_BOOK</setSpec><setSpec>uge_mail_RapidILL_BOOK</setSpec><setSpec>UNIGE_ALL</setSpec><setSpec>uge_abbat_RapidILL_BOOK</setSpec><setSpec>uge_aobs_RapidILL_BOOK</setSpec><setSpec>uge_acar_RapidILL_BOOK</setSpec></header><metadata>
<record xmlns="http://www.loc.gov/MARC21/slim" xmlns:xsi="http://www.w3.org/2001/XMLSchema-instance" xsi:schemaLocation="http://www.loc.gov/MARC21/slim http://www.loc.gov/standards/marcxml/schema/MARC21slim.xsd"><leader>01855nam a22004812c 4500</leader><controlfield tag="001">991000104539705502</controlfield><controlfield tag="005">20201230233706.0</controlfield><controlfield tag="008">201011s1939    it       |||| 000 0 ita|c</controlfield><datafield ind1=" " ind2=" " tag="010"><subfield code="a">a  40001659</subfield></datafield><datafield ind1=" " ind2=" " tag="035"><subfield code="a">(swissbib)228038642-41slsp_network</subfield></datafield><datafield ind1=" " ind2=" " tag="035"><subfield code="a">228038642</subfield><subfield code="9">ExL</subfield></datafield><datafield ind1=" " ind2=" " tag="035"><subfield code="a">(NEBIS)003101645EBI01</subfield></datafield><datafield ind1=" " ind2=" " tag="035"><subfield code="a">(RERO)0211445-41slsp</subfield></datafield><datafield ind1=" " ind2=" " tag="035"><subfield code="a">(IDSSG)000444689HSB01</subfield></datafield><datafield ind1=" " ind2=" " tag="035"><subfield code="a">(IDSBB)000728169DSV01</subfield></datafield><datafield ind1=" " ind2=" " tag="035"><subfield code="a">(OCoLC)5305484</subfield></datafield><datafield ind1=" " ind2=" " tag="035"><subfield code="a">(EXLNZ-41SLSP_NETWORK)991156250849705501</subfield></datafield><datafield ind1=" " ind2=" " tag="040"><subfield code="a">Minnesota Univ. Library</subfield><subfield code="d">CH-ZuSLS</subfield></datafield><datafield ind1=" " ind2=" " tag="050"><subfield code="a">PQ4266</subfield><subfield code="b">.A5 1939</subfield></datafield><datafield ind1=" " ind2="7" tag="072"><subfield code="a">it</subfield><subfield code="2">rero</subfield></datafield><datafield ind1="1" ind2=" " tag="100"><subfield code="a">Boccaccio, Giovanni</subfield><subfield code="d">1313-1375</subfield><subfield code="0">(DE-588)11851217X</subfield><subfield code="6">880-01</subfield></datafield><datafield ind1="1" ind2=" " tag="880"><subfield code="6">100-01</subfield><subfield code="a">Boccace</subfield><subfield code="d">1313-1375</subfield><subfield code="0">(IDREF)026734141</subfield><subfield code="4">cre</subfield></datafield><datafield ind1="1" ind2="0" tag="245"><subfield code="a">&lt;&lt;Le&gt;&gt; rime</subfield><subfield code="b">; L'amorosa visione ; La caccia di Diana</subfield><subfield code="c">Giovanni Boccaccio ; a cura di Vittore Branca</subfield></datafield><datafield ind1=" " ind2="1" tag="264"><subfield code="a">Bari</subfield><subfield code="b">Laterza</subfield><subfield code="c">1939</subfield></datafield><datafield ind1=" " ind2=" " tag="300"><subfield code="a">405 p.</subfield><subfield code="c">8⁰</subfield></datafield><datafield ind1=" " ind2=" " tag="336"><subfield code="b">txt</subfield><subfield code="2">rdacontent</subfield></datafield><datafield ind1=" " ind2=" " tag="337"><subfield code="b">n</subfield><subfield code="2">rdamedia</subfield></datafield><datafield ind1=" " ind2=" " tag="338"><subfield code="b">nc</subfield><subfield code="2">rdacarrier</subfield></datafield><datafield ind1="1" ind2=" " tag="490"><subfield code="a">Opere / G. Boccaccio</subfield><subfield code="v">6</subfield></datafield><datafield ind1="1" ind2=" " tag="490"><subfield code="a">Scrittori d'Italia</subfield><subfield code="v">n. 169</subfield></datafield><datafield ind1="1" ind2="2" tag="700"><subfield code="a">Boccaccio, Giovanni</subfield><subfield code="t">&lt;&lt;L'&gt;&gt;amorosa visione</subfield></datafield><datafield ind1="1" ind2="2" tag="700"><subfield code="a">Boccaccio, Giovanni</subfield><subfield code="t">&lt;&lt;La&gt;&gt; caccia di Diana</subfield></datafield><datafield ind1="1" ind2="2" tag="700"><subfield code="a">Boccaccio, Giovanni</subfield><subfield code="d">1313-1375</subfield><subfield code="t">&lt;&lt;L'&gt;&gt;amorosa visione</subfield></datafield><datafield ind1="1" ind2="2" tag="700"><subfield code="a">Boccaccio, Giovanni</subfield><subfield code="d">1313-1375</subfield><subfield code="t">&lt;&lt;La&gt;&gt; caccia di Diana</subfield></datafield><datafield ind1="1" ind2=" " tag="700"><subfield code="a">Branca, Vittore</subfield><subfield code="d">1913-2004</subfield><subfield code="0">(DE-588)119246155</subfield></datafield><datafield ind1="0" ind2="2" tag="740"><subfield code="a">&lt;&lt;L'&gt;&gt;amorosa visione</subfield></datafield><datafield ind1="0" ind2="2" tag="740"><subfield code="a">&lt;&lt;La&gt;&gt; caccia di Diana</subfield></datafield><datafield ind1="1" ind2=" " tag="800"><subfield code="a">Boccaccio, Giovanni</subfield><subfield code="d">1313-1375</subfield><subfield code="t">Werke</subfield><subfield code="v">6</subfield><subfield code="w">(NEBIS)004158464EBI01</subfield></datafield><datafield ind1=" " ind2=" " tag="830"><subfield code="a">Scrittori d'Italia</subfield><subfield code="v">169</subfield><subfield code="w">(IDSBB)000030527DSV01</subfield></datafield><datafield ind1="1" ind2=" " tag="800"><subfield code="a">Boccaccio, Giovanni</subfield><subfield code="t">Opere</subfield><subfield code="v">6</subfield><subfield code="w">(IDSSG)000446181HSB01</subfield></datafield><datafield ind1="1" ind2=" " tag="800"><subfield code="a">Boccaccio, Giovanni</subfield><subfield code="d">1313-1375</subfield><subfield code="t">Opere</subfield><subfield code="v">6</subfield><subfield code="w">(IDSBB)000013596DSV01</subfield></datafield><datafield ind1=" " ind2=" " tag="900"><subfield code="a">IDSZRMedeaZBZ</subfield><subfield code="b">IDSZRSWK</subfield></datafield><datafield ind1=" " ind2=" " tag="900"><subfield code="a">REROnoselfmerge</subfield></datafield><datafield ind1=" " ind2=" " tag="911"><subfield code="a">100</subfield><subfield code="a">Boccaccio, Giovanni</subfield><subfield code="d">1313-1375</subfield></datafield><datafield ind1=" " ind2=" " tag="993"><subfield code="a">BFLA 97545/6</subfield><subfield code="x">ge/ulit/a/fls 34220</subfield><subfield code="9">LOCAL</subfield></datafield></record>
</metadata></record>