<record><header><identifier>oai:alma.41SLSP_UGE:991000104329705502</identifier><datestamp>2023-03-01T01:10:26Z</datestamp><setSpec>uge_bcen_RapidILL_BOOK</setSpec><setSpec>uge_aaca_RapidILL_BOOK</setSpec><setSpec>uge_abels_RapidILL_BOOK</setSpec><setSpec>uge_dbu_RapidILL_BOOK</setSpec><setSpec>uge_cmu_RapidILL_BOOK</setSpec><setSpec>uge_mail_RapidILL_BOOK</setSpec><setSpec>UNIGE_ALL</setSpec><setSpec>uge_abbat_RapidILL_BOOK</setSpec><setSpec>uge_aobs_RapidILL_BOOK</setSpec><setSpec>uge_acar_RapidILL_BOOK</setSpec></header><metadata>
<record xmlns="http://www.loc.gov/MARC21/slim" xmlns:xsi="http://www.w3.org/2001/XMLSchema-instance" xsi:schemaLocation="http://www.loc.gov/MARC21/slim http://www.loc.gov/standards/marcxml/schema/MARC21slim.xsd"><leader>01847nam a2200421 c 4500</leader><controlfield tag="001">991000104329705502</controlfield><controlfield tag="005">20211023173953.0</controlfield><controlfield tag="008">201011s2000    xxu||||| |||| 00| ||eng d</controlfield><datafield ind1=" " ind2=" " tag="020"><subfield code="a">0821820591</subfield><subfield code="q">alk. paper</subfield></datafield><datafield ind1=" " ind2=" " tag="035"><subfield code="a">(swissbib)230448836-41slsp_network</subfield></datafield><datafield ind1=" " ind2=" " tag="035"><subfield code="a">230448836</subfield><subfield code="9">ExL</subfield></datafield><datafield ind1=" " ind2=" " tag="035"><subfield code="a">(RERO)R004997926-41slsp</subfield></datafield><datafield ind1=" " ind2=" " tag="035"><subfield code="a">(NEBIS)003864479EBI01</subfield></datafield><datafield ind1=" " ind2=" " tag="035"><subfield code="a">(EXLNZ-41SLSP_NETWORK)991043519209705501</subfield></datafield><datafield ind1=" " ind2=" " tag="040"><subfield code="a">DLC</subfield><subfield code="d">CH-ZuSLS</subfield></datafield><datafield ind1="0" ind2="0" tag="050"><subfield code="a">Z6654.2 $b.A38 2000</subfield><subfield code="a">QA37.2</subfield></datafield><datafield ind1=" " ind2="7" tag="072"><subfield code="a">ma</subfield><subfield code="2">rero</subfield></datafield><datafield ind1="0" ind2="0" tag="082"><subfield code="a">016.51</subfield><subfield code="2">21</subfield></datafield><datafield ind1=" " ind2=" " tag="084"><subfield code="a">01.20</subfield><subfield code="2">msc</subfield></datafield><datafield ind1="1" ind2=" " tag="100"><subfield code="a">Albree, Joe</subfield><subfield code="d">1939-....</subfield><subfield code="0">(IDREF)251282104</subfield><subfield code="4">cre</subfield></datafield><datafield ind1="1" ind2="0" tag="245"><subfield code="a">&lt;&lt;A&gt;&gt; station favorable to the pursuits of science</subfield><subfield code="b">primary materials in the history of mathematics at the United States Military Academy</subfield><subfield code="c">Joe Albree, David C. Arney, V. Frederick Rickey</subfield></datafield><datafield ind1=" " ind2="1" tag="264"><subfield code="a">Providence, R.I.</subfield><subfield code="b">American Mathematical Society</subfield><subfield code="a">[London]</subfield><subfield code="b">London Mathematical Society</subfield><subfield code="c">[2000]</subfield></datafield><datafield ind1=" " ind2="4" tag="264"><subfield code="c">© 2000</subfield></datafield><datafield ind1=" " ind2=" " tag="300"><subfield code="a">xii, 272 p.</subfield><subfield code="b">ill.</subfield><subfield code="c">27 cm</subfield></datafield><datafield ind1=" " ind2=" " tag="336"><subfield code="b">txt</subfield><subfield code="2">rdacontent</subfield></datafield><datafield ind1=" " ind2=" " tag="337"><subfield code="b">n</subfield><subfield code="2">rdamedia</subfield></datafield><datafield ind1=" " ind2=" " tag="338"><subfield code="b">nc</subfield><subfield code="2">rdacarrier</subfield></datafield><datafield ind1="1" ind2=" " tag="490"><subfield code="a">History of mathematics</subfield><subfield code="v">vol. 18</subfield></datafield><datafield ind1=" " ind2=" " tag="504"><subfield code="a">Includes bibliographical references</subfield></datafield><datafield ind1="2" ind2="0" tag="610"><subfield code="a">United States Military Academy</subfield><subfield code="b">Library</subfield><subfield code="v">Catalogs</subfield></datafield><datafield ind1=" " ind2="0" tag="650"><subfield code="a">Mathematics</subfield><subfield code="v">Bibliography</subfield><subfield code="v">Catalogs</subfield></datafield><datafield ind1=" " ind2="0" tag="650"><subfield code="a">Mathematics</subfield><subfield code="x">Study and teaching (Higher)</subfield><subfield code="z">New York (State)</subfield><subfield code="z">West Point</subfield><subfield code="x">History</subfield></datafield><datafield ind1=" " ind2="7" tag="650"><subfield code="a">MATHEMATIK/UNTERRICHTS- UND STUDIENFÄCHER (FACHUNTERRICHT)</subfield><subfield code="9">ger</subfield><subfield code="0">(ETHUDK)000012158</subfield><subfield code="2">ethudk</subfield></datafield><datafield ind1=" " ind2="7" tag="650"><subfield code="a">MILITÄRSCHULEN + MILITÄRAKADEMIEN</subfield><subfield code="9">ger</subfield><subfield code="0">(ETHUDK)000011749</subfield><subfield code="2">ethudk</subfield></datafield><datafield ind1=" " ind2="7" tag="650"><subfield code="a">VEREINIGTE STAATEN VON AMERIKA, USA (NORDAMERIKA)</subfield><subfield code="9">ger</subfield><subfield code="0">(ETHUDK)000007826</subfield><subfield code="2">ethudk</subfield></datafield><datafield ind1="1" ind2=" " tag="700"><subfield code="a">Arney, David Christopher</subfield><subfield code="d">1949-....</subfield><subfield code="0">(IDREF)251282112</subfield></datafield><datafield ind1="1" ind2=" " tag="700"><subfield code="a">Rickey, V. Frederick</subfield><subfield code="0">(IDREF)251200868</subfield></datafield><datafield ind1=" " ind2=" " tag="830"><subfield code="a">History of mathematics</subfield><subfield code="v">18</subfield><subfield code="w">(NEBIS)000566698EBI01</subfield></datafield><datafield ind1=" " ind2=" " tag="900"><subfield code="a">REROnoselfmerge</subfield></datafield></record>
</metadata></record>