<record><header><identifier>oai:alma.41SLSP_UGE:991000104649705502</identifier><datestamp>2023-04-15T00:11:28Z</datestamp><setSpec>uge_bcen_RapidILL_BOOK</setSpec><setSpec>uge_aaca_RapidILL_BOOK</setSpec><setSpec>uge_abels_RapidILL_BOOK</setSpec><setSpec>uge_dbu_RapidILL_BOOK</setSpec><setSpec>uge_cmu_RapidILL_BOOK</setSpec><setSpec>uge_mail_RapidILL_BOOK</setSpec><setSpec>uge_abbat_RapidILL_BOOK</setSpec><setSpec>UNIGE_ALL</setSpec><setSpec>uge_acar_RapidILL_BOOK</setSpec><setSpec>uge_aobs_RapidILL_BOOK</setSpec></header><metadata>
<record xmlns="http://www.loc.gov/MARC21/slim" xmlns:xsi="http://www.w3.org/2001/XMLSchema-instance" xsi:schemaLocation="http://www.loc.gov/MARC21/slim http://www.loc.gov/standards/marcxml/schema/MARC21slim.xsd"><leader>04260nam a2200745 c 4500</leader><controlfield tag="001">991000104649705502</controlfield><controlfield tag="005">20230413231521.0</controlfield><controlfield tag="008">201012s2011    xxk||||| |||| 00| ||eng d</controlfield><datafield ind1=" " ind2=" " tag="015"><subfield code="a">GBB172500</subfield><subfield code="2">bnb</subfield></datafield><datafield ind1=" " ind2=" " tag="020"><subfield code="a">1441100970</subfield><subfield code="q">pbk.</subfield></datafield><datafield ind1=" " ind2=" " tag="020"><subfield code="a">1441110453</subfield><subfield code="q">hbk.</subfield></datafield><datafield ind1=" " ind2=" " tag="020"><subfield code="a">9781441100979</subfield><subfield code="q">pbk.</subfield><subfield code="c">£17.99</subfield></datafield><datafield ind1=" " ind2=" " tag="020"><subfield code="a">9781441110459</subfield><subfield code="q">hbk.</subfield><subfield code="c">£55.00</subfield></datafield><datafield ind1=" " ind2=" " tag="020"><subfield code="a">9781441156969</subfield><subfield code="q">PDF ebook</subfield><subfield code="c">£55.00</subfield></datafield><datafield ind1=" " ind2=" " tag="020"><subfield code="a">1441156968</subfield><subfield code="q">PDF ebook</subfield></datafield><datafield ind1=" " ind2=" " tag="020"><subfield code="a">9781441142061</subfield><subfield code="q">ePub ebook</subfield><subfield code="c">£14.39</subfield></datafield><datafield ind1=" " ind2=" " tag="020"><subfield code="a">1441142061</subfield><subfield code="q">ePub ebook</subfield></datafield><datafield ind1="7" ind2=" " tag="024"><subfield code="a">http://catalogue.bnf.fr/ark:/12148/cb427670973</subfield><subfield code="2">uri</subfield></datafield><datafield ind1=" " ind2=" " tag="035"><subfield code="a">(swissbib)237869268-41slsp_network</subfield></datafield><datafield ind1=" " ind2=" " tag="035"><subfield code="a">237869268</subfield><subfield code="9">ExL</subfield></datafield><datafield ind1=" " ind2=" " tag="035"><subfield code="a">(RERO)R006392019-41slsp</subfield></datafield><datafield ind1=" " ind2=" " tag="035"><subfield code="a">(NEBIS)006569354EBI01</subfield></datafield><datafield ind1=" " ind2=" " tag="035"><subfield code="a">(IDSBB)005655756DSV01</subfield></datafield><datafield ind1=" " ind2=" " tag="035"><subfield code="a">(OCoLC)755987182</subfield></datafield><datafield ind1=" " ind2=" " tag="035"><subfield code="a">(EXLNZ-41SLSP_NETWORK)991088563259705501</subfield></datafield><datafield ind1=" " ind2=" " tag="040"><subfield code="a">BTCTA</subfield><subfield code="d">CH-ZuSLS</subfield></datafield><datafield ind1=" " ind2="0" tag="050"><subfield code="a">PS3555.R42</subfield><subfield code="b">Z77 2011</subfield></datafield><datafield ind1=" " ind2="7" tag="072"><subfield code="a">an</subfield><subfield code="2">rero</subfield></datafield><datafield ind1=" " ind2="7" tag="072"><subfield code="a">le</subfield><subfield code="2">SzZuIDS BS/BE</subfield></datafield><datafield ind1="1" ind2=" " tag="080"><subfield code="a">820(73)&quot;19/-&quot;ERD8</subfield></datafield><datafield ind1="0" ind2="0" tag="082"><subfield code="a">813/.54</subfield><subfield code="2">23</subfield></datafield><datafield ind1="0" ind2="4" tag="082"><subfield code="a">813.6</subfield><subfield code="2">22</subfield></datafield><datafield ind1=" " ind2=" " tag="084"><subfield code="a">18.06</subfield><subfield code="2">bcl</subfield></datafield><datafield ind1=" " ind2=" " tag="084"><subfield code="a">HU 3554</subfield><subfield code="2">rvk</subfield></datafield><datafield ind1=" " ind2=" " tag="084"><subfield code="a">HU 3555</subfield><subfield code="2">rvk</subfield></datafield><datafield ind1="0" ind2="0" tag="245"><subfield code="a">Louise Erdrich</subfield><subfield code="b">Tracks ; the Last report on the miracles at Little No Horse ; the Plague of Doves</subfield><subfield code="c">edited by Deborah L. Madsen</subfield></datafield><datafield ind1=" " ind2="1" tag="264"><subfield code="a">London</subfield><subfield code="a">New York</subfield><subfield code="b">Continuum</subfield><subfield code="c">[2011]</subfield></datafield><datafield ind1=" " ind2="4" tag="264"><subfield code="c">© 2011</subfield></datafield><datafield ind1=" " ind2=" " tag="300"><subfield code="a">viii, 198 p.</subfield><subfield code="c">22 cm.</subfield></datafield><datafield ind1=" " ind2=" " tag="336"><subfield code="b">txt</subfield><subfield code="2">rdacontent</subfield></datafield><datafield ind1=" " ind2=" " tag="337"><subfield code="b">n</subfield><subfield code="2">rdamedia</subfield></datafield><datafield ind1=" " ind2=" " tag="338"><subfield code="b">nc</subfield><subfield code="2">rdacarrier</subfield></datafield><datafield ind1="0" ind2=" " tag="490"><subfield code="a">Continuum studies in contemporary North American fiction</subfield></datafield><datafield ind1=" " ind2=" " tag="504"><subfield code="a">Includes bibliographical references (p. [171]-184) and index.</subfield></datafield><datafield ind1="0" ind2=" " tag="505"><subfield code="a">1. Louise Erdrich the aesthetics of Mino Bimaadiziwin / Deborah L. Madsen -- pt. I : Tracks. 2. A Bowen family systems reading of Tracks / Allan Chavkin and Nancy Feyl Chavkin -- 3. &quot;I knew there never was another martyr like me&quot; : Pauline Puyat, historical trauma and Tracks / Connie A. Jacobs -- 4. &quot;To become a bureaucrat myself&quot; : history and law in Tracks / David Stirrup -- pt. II : The last report on the miracles at Little No Horse. 5. Power and authority in the realms of racial and gender politics : postcolonial and critical race theory in The last report on the miracles at Little No Horse / Mark Shackleton -- 6. &quot;We speak of everything&quot; : indigenous traditions in The last report on the miracles at Little No Horse / P. Jane Hafen -- 7. Love and the slippery slope of sexual orientation : L/G/B/T/Q etc. Sensibility in The last report on the miracles at Little No Horse / Patrice Hollrah -- pt. III : The plague of doves. 8. &quot;It all does come to nothing in the end&quot; : nationalism and gender in Louise Erdrich's The plague of doves / Gina Valentino -- 9. So, a priest walks into a reservation tragicomedy : humor in The plague of doves / John Gamber -- 10. Haunted by birds : an eco-critical view of personhood in Louise Erdrich's The plague of doves / Catherine Rainwater</subfield></datafield><datafield ind1="1" ind2="0" tag="600"><subfield code="a">Erdrich, Louise</subfield><subfield code="x">Criticism and interpretation</subfield></datafield><datafield ind1="1" ind2="0" tag="600"><subfield code="a">Erdrich, Louise.</subfield><subfield code="t">Last report on the miracles at Little No Horse</subfield></datafield><datafield ind1="1" ind2="0" tag="600"><subfield code="a">Erdrich, Louise.</subfield><subfield code="t">Plague of doves</subfield></datafield><datafield ind1="1" ind2="0" tag="600"><subfield code="a">Erdrich, Louise.</subfield><subfield code="t">Tracks</subfield></datafield><datafield ind1="1" ind2="7" tag="600"><subfield code="a">Erdrich, Louise</subfield><subfield code="2">idszbz</subfield></datafield><datafield ind1="1" ind2="4" tag="600"><subfield code="a">Erdrich, Louise</subfield><subfield code="q">Karen Louise</subfield><subfield code="d">1954-</subfield></datafield><datafield ind1="1" ind2="7" tag="600"><subfield code="a">Erdrich, Louise</subfield><subfield code="d">1954-</subfield><subfield code="t">&lt;&lt;The&gt;&gt; last report on the miracles at Little No Horse</subfield><subfield code="0">(DE-588)7759298-0</subfield><subfield code="2">gnd</subfield></datafield><datafield ind1="1" ind2="7" tag="600"><subfield code="a">Erdrich, Louise</subfield><subfield code="d">1954-</subfield><subfield code="t">&lt;&lt;The&gt;&gt; plague of doves</subfield><subfield code="0">(DE-588)7759299-2</subfield><subfield code="2">gnd</subfield></datafield><datafield ind1="1" ind2="7" tag="600"><subfield code="a">Erdrich, Louise</subfield><subfield code="d">1954-</subfield><subfield code="t">Tracks</subfield><subfield code="0">(DE-588)4652466-6</subfield><subfield code="2">gnd</subfield></datafield><datafield ind1="1" ind2="0" tag="600"><subfield code="a">Erdrich, Louise</subfield><subfield code="t">Last report on the miracles at Little No Horse</subfield></datafield><datafield ind1="1" ind2="0" tag="600"><subfield code="a">Erdrich, Louise</subfield><subfield code="t">Plague of doves</subfield></datafield><datafield ind1="1" ind2="0" tag="600"><subfield code="a">Erdrich, Louise</subfield><subfield code="t">Tracks</subfield></datafield><datafield ind1=" " ind2="7" tag="650"><subfield code="a">Roman</subfield><subfield code="2">idszbz</subfield></datafield><datafield ind1=" " ind2="0" tag="650"><subfield code="a">Aufsatzsammlung</subfield></datafield><datafield ind1=" " ind2="7" tag="655"><subfield code="a">Aufsatzsammlung</subfield><subfield code="2">idszbz</subfield></datafield><datafield ind1="1" ind2=" " tag="700"><subfield code="a">Madsen, Deborah L.</subfield><subfield code="d">1960-</subfield><subfield code="0">(DE-588)141006560</subfield><subfield code="6">880-02</subfield></datafield><datafield ind1="1" ind2=" " tag="880"><subfield code="6">700-02</subfield><subfield code="a">Madsen, Deborah L.</subfield><subfield code="0">(IDREF)031159443</subfield></datafield><datafield ind1="1" ind2=" " tag="880"><subfield code="a">Madsen, Deborah L.</subfield><subfield code="0">(DE-588)141006560</subfield><subfield code="6">700-02</subfield></datafield><datafield ind1="4" ind2=" " tag="856"><subfield code="3">Titelblatt und Inhaltsverzeichnis</subfield><subfield code="u">https://toc.library.ethz.ch/objects/pdf/z01_978-1-4411-0097-9_01.pdf</subfield><subfield code="q">pdf</subfield></datafield><datafield ind1=" " ind2=" " tag="900"><subfield code="a">IDSZ2zbzmon201111f</subfield><subfield code="c">IDSZ2kist</subfield><subfield code="d">IDSZ2zbzswk201112b</subfield><subfield code="e">IDSZ2stor</subfield></datafield><datafield ind1=" " ind2=" " tag="949"><subfield code="a">https://toc.library.ethz.ch/objects/pdf/z01_978-1-4411-0097-9_01.pdf</subfield></datafield></record>
</metadata></record>