<record><header><identifier>oai:alma.41SLSP_UGE:991000103919705502</identifier><datestamp>2023-11-27T01:22:23Z</datestamp><setSpec>uge_bcen_RapidILL_BOOK</setSpec><setSpec>uge_aaca_RapidILL_BOOK</setSpec><setSpec>uge_abels_RapidILL_BOOK</setSpec><setSpec>uge_dbu_RapidILL_BOOK</setSpec><setSpec>uge_cmu_RapidILL_BOOK</setSpec><setSpec>uge_mail_RapidILL_BOOK</setSpec><setSpec>uge_abbat_RapidILL_BOOK</setSpec><setSpec>UNIGE_ALL</setSpec><setSpec>uge_aobs_RapidILL_BOOK</setSpec><setSpec>uge_acar_RapidILL_BOOK</setSpec></header><metadata>
<record xmlns="http://www.loc.gov/MARC21/slim" xmlns:xsi="http://www.w3.org/2001/XMLSchema-instance" xsi:schemaLocation="http://www.loc.gov/MARC21/slim http://www.loc.gov/standards/marcxml/schema/MARC21slim.xsd"><leader>01541nam a2200433 c 4500</leader><controlfield tag="001">991000103919705502</controlfield><controlfield tag="005">20230629194043.0</controlfield><controlfield tag="008">201011s1921    sz ||||| m||| 00| ||ger d</controlfield><datafield ind1="7" ind2=" " tag="024"><subfield code="a">http://catalogue.bnf.fr/ark:/12148/cb310195515</subfield><subfield code="2">uri</subfield></datafield><datafield ind1=" " ind2=" " tag="035"><subfield code="a">(swissbib)227333055-41slsp_network</subfield></datafield><datafield ind1=" " ind2=" " tag="035"><subfield code="a">227333055</subfield><subfield code="9">ExL</subfield></datafield><datafield ind1=" " ind2=" " tag="035"><subfield code="a">(RERO)0451412-41slsp</subfield></datafield><datafield ind1=" " ind2=" " tag="035"><subfield code="a">(RERO)bv00315047-41slsp</subfield></datafield><datafield ind1=" " ind2=" " tag="035"><subfield code="a">(IDSLU)000916056ILU01</subfield></datafield><datafield ind1=" " ind2=" " tag="035"><subfield code="a">(IDSBB)000974581DSV01</subfield></datafield><datafield ind1=" " ind2=" " tag="035"><subfield code="a">(NEBIS)006668380EBI01</subfield></datafield><datafield ind1=" " ind2=" " tag="035"><subfield code="a">(Sz)vtls000792150</subfield></datafield><datafield ind1=" " ind2=" " tag="035"><subfield code="a">(ALEX)bv9925913204101791</subfield></datafield><datafield ind1=" " ind2=" " tag="035"><subfield code="a">(EXLNZ-41SLSP_NETWORK)991007843049705501</subfield></datafield><datafield ind1=" " ind2=" " tag="040"><subfield code="a">RERO</subfield><subfield code="d">CH-ZuSLS</subfield></datafield><datafield ind1=" " ind2="7" tag="072"><subfield code="a">dr</subfield><subfield code="2">rero</subfield></datafield><datafield ind1=" " ind2="7" tag="072"><subfield code="a">rw</subfield><subfield code="2">SzZuIDS BS/BE</subfield></datafield><datafield ind1="1" ind2="4" tag="082"><subfield code="a">340</subfield><subfield code="2">15</subfield></datafield><datafield ind1=" " ind2=" " tag="084"><subfield code="a">CA/CH 51.2 h</subfield><subfield code="2">cjurrom</subfield></datafield><datafield ind1=" " ind2=" " tag="084"><subfield code="a">CA/CH 45.2 h</subfield><subfield code="2">cjurrom</subfield></datafield><datafield ind1="1" ind2=" " tag="100"><subfield code="a">Niquille, Louis</subfield><subfield code="0">(RERO)A003642303</subfield><subfield code="4">cre</subfield></datafield><datafield ind1="1" ind2="0" tag="245"><subfield code="a">&lt;&lt;Die&gt;&gt; Rechtsstellung der Eisenbahnen während der Zollbehandlung der Güter im Frachtverkehr</subfield><subfield code="c">Louis Niquille</subfield></datafield><datafield ind1=" " ind2="1" tag="264"><subfield code="a">Baden</subfield><subfield code="c">1921</subfield></datafield><datafield ind1=" " ind2=" " tag="300"><subfield code="a">VII, 97 S.</subfield><subfield code="c">23 cm</subfield></datafield><datafield ind1=" " ind2=" " tag="336"><subfield code="b">txt</subfield><subfield code="2">rdacontent</subfield></datafield><datafield ind1=" " ind2=" " tag="337"><subfield code="b">n</subfield><subfield code="2">rdamedia</subfield></datafield><datafield ind1=" " ind2=" " tag="338"><subfield code="b">nc</subfield><subfield code="2">rdacarrier</subfield></datafield><datafield ind1=" " ind2=" " tag="502"><subfield code="a">Diss. Jur. Bern, 1921</subfield></datafield><datafield ind1=" " ind2=" " tag="502"><subfield code="a">Inaug.-Diss. Recht Bern, [1921]</subfield></datafield><datafield ind1=" " ind2="7" tag="650"><subfield code="a">Verkehr</subfield><subfield code="9">ger</subfield><subfield code="0">(RERO)jurivoc000024578ger</subfield><subfield code="2">jurivoc</subfield></datafield><datafield ind1=" " ind2="7" tag="650"><subfield code="a">Eisenbahnverkehr</subfield><subfield code="9">ger</subfield><subfield code="0">(RERO)jurivoc000006705ger</subfield><subfield code="2">jurivoc</subfield></datafield><datafield ind1=" " ind2="7" tag="650"><subfield code="a">Zoll</subfield><subfield code="9">ger</subfield><subfield code="0">(RERO)jurivoc000027152ger</subfield><subfield code="2">jurivoc</subfield></datafield><datafield ind1=" " ind2="7" tag="650"><subfield code="a">Bahnpolitik</subfield><subfield code="0">(DE-STW)18575-1</subfield><subfield code="2">stw</subfield></datafield><datafield ind1=" " ind2="7" tag="650"><subfield code="a">Schienengüterverkehr</subfield><subfield code="0">(DE-STW)18573-5</subfield><subfield code="2">stw</subfield></datafield><datafield ind1=" " ind2="7" tag="650"><subfield code="a">Frachtrecht</subfield><subfield code="2">gnd</subfield><subfield code="0">(DE-588)4018024-4</subfield></datafield><datafield ind1=" " ind2="7" tag="650"><subfield code="a">Zoll</subfield><subfield code="2">gnd</subfield><subfield code="0">(DE-588)4137564-6</subfield></datafield><datafield ind1=" " ind2="7" tag="650"><subfield code="a">Eisenbahnrecht</subfield><subfield code="2">gnd</subfield><subfield code="0">(DE-588)4151495-6</subfield></datafield><datafield ind1=" " ind2="7" tag="650"><subfield code="a">Eisenbahn</subfield><subfield code="2">gnd</subfield><subfield code="0">(DE-588)4014015-5</subfield></datafield><datafield ind1=" " ind2="7" tag="650"><subfield code="a">Haftpflicht</subfield><subfield code="2">gnd</subfield><subfield code="0">(DE-588)4022892-7</subfield></datafield><datafield ind1=" " ind2="7" tag="650"><subfield code="a">Recht</subfield><subfield code="2">gnd</subfield><subfield code="0">(DE-588)4048737-4</subfield></datafield><datafield ind1=" " ind2="7" tag="651"><subfield code="a">Schweiz</subfield><subfield code="2">gnd</subfield><subfield code="0">(DE-588)4053881-3</subfield></datafield><datafield ind1=" " ind2="7" tag="655"><subfield code="a">Hochschulschrift</subfield><subfield code="2">gnd-content</subfield></datafield><datafield ind1=" " ind2=" " tag="900"><subfield code="a">IDSZ2zbzdis201110rp</subfield><subfield code="c">IDSZ2haff</subfield></datafield></record>
</metadata></record><resumptionToken>1900-01-01@all@UNIGE_ALL@marc21@5986586910005502</resumptionToken></ListRecords></OAI-PMH>